1771 3010
889 183 939 224 ,θ

737 208 790 215 ...-
916 213 939 225 u
1031 210 1082 215 „-

163 298 222 342 rit
254 297 473 356 quispiam
519 313 607 343 non
650 301 792 355 magis
827 279 969 345 Ulixis
1012 314 1184 345 errores
1217 302 1275 345 ad
1307 301 1496 360 culpamv
1517 302 1630 346 refe-

162 380 324 423 rendos
356 392 467 434 esse,
502 385 846 439 quam'poetam
877 382 924 426 id
956 383 1113 438 egisse,
1145 386 1194 427 ut
1210 396 1309 427 eum
1340 398 1427 428 uno
1460 396 1630 443 quoque

160 465 485 507 tormentorum
516 477 677 519 genere
710 464 972 510 cumularet.
1023 466 1142 523 quod
1173 466 1211 510 si
1244 465 1353 510 haec
1384 466 1543 525 culpa,
1582 467 1631 512 id

161 546 276 602 quod
321 545 575 589 Nitzschius
617 545 737 599 vult,
781 546 879 590 sola
920 551 1054 604 atque
1094 560 1183 591 una
1227 560 1425 603 errorum
1468 561 1630 593 caussa

158 627 331 676 fuisset,
362 630 495 684 poeta
526 628 706 684 saepius
740 640 847 671 sane
881 641 1013 684 quam
1050 645 1067 669 ε
1092 628 1178 671 286
1210 632 1343 686 atque
1378 629 1495 673 2551
1529 643 1626 687 sqq.

159 709 253 752 eius
285 708 555 752 mentionem
587 708 735 753 facere
768 707 971 752 debebat.
1006 722 1260 766 quanquam
1280 710 1528 767 posteriore
1550 709 1630 753 ho-

157 804 256 834 rum
289 789 489 834 locorum
519 789 678 833 Jovem
718 795 821 847 post
852 788 1111 848 Polyphemi
1152 791 1455 848 precationem
1487 792 1626 835 sacri-

154 871 256 915 ficia
288 883 378 914 non
409 883 605 921 curasse,
637 870 715 913 sed
747 869 914 913 malum
947 871 1172 928 quoddam
1203 872 1485 926 excogitasse
1514 870 1625 927 legi-

154 966 268 997 mus.
303 956 350 995 at
379 955 429 995 ut
458 951 659 996 Nitzschi
690 953 915 996 sententia
944 952 1181 1010 probetur,
1222 966 1368 997 nonne
1400 952 1624 997 erroribus
1677 994 1683 997 .

153 1031 469 1091 incipientibus
500 1032 754 1091 Neptunum
797 1032 952 1076 eodem
982 1033 1140 1086 modo,
1186 1036 1320 1090 atque
1365 1032 1514 1077 Solem
1558 1032 1622 1077 eis

152 1115 347 1171 peractis
381 1114 439 1156 ad
469 1115 654 1156 fratrem
696 1113 923 1169 querelam
964 1115 1137 1157 deferre
1167 1114 1308 1158 multo
1339 1115 1483 1168 magis
1516 1127 1621 1157 con-

152 1194 391 1240 veniebat?
422 1194 541 1252 quod
565 1193 743 1251 quidem
776 1206 825 1237 eo
858 1194 1073 1239 maiorem
1106 1193 1243 1239 habet
1272 1194 1376 1247 vim,
1410 1194 1448 1239 si
1475 1193 1622 1252 qualis

153 1278 212 1320 sit
243 1276 380 1320 totius
412 1275 685 1320 narrationis
712 1275 945 1318 exordium
969 1276 1228 1319 adcuratius
1252 1276 1618 1332 pervestigamus.

154 1359 211 1402 ad
236 1358 319 1402 hoc
341 1358 458 1401 enim
491 1361 523 1409 (ι
543 1354 620 1408 37)
653 1354 811 1400 Jovem
830 1354 953 1400 Ulixi
968 1356 1101 1401 Troia
1133 1356 1322 1401 solventi
1344 1357 1466 1413 prius
1488 1370 1622 1414 quam

152 1438 292 1483 ullum
324 1438 453 1481 deum
496 1435 705 1480 laesisset
742 1436 983 1493 perniciem
1017 1435 1222 1481 molitum
1255 1450 1352 1481 esse
1382 1437 1472 1481 iam
1502 1436 1620 1482 Nae-

151 1520 434 1576 gelsbachius
477 1519 593 1562 dixit
612 1521 662 1573 ¹).
711 1517 871 1561 deinde
914 1518 1081 1562 dixerit
1122 1519 1344 1575 quispiam
1375 1518 1501 1563 Jovis
1534 1517 1619 1563 Fa-

148 1606 243 1646 tum
289 1597 416 1658 (Διὸς
446 1594 627 1653 αἶσαν),
676 1599 792 1656 quod
827 1616 837 1640 ι
869 1599 928 1643 52
967 1598 1182 1654 legimus,
1229 1613 1284 1643 ex
1327 1613 1377 1643 eo
1409 1600 1617 1657 pendere,

149 1683 264 1741 quod
298 1682 407 1727 socii
431 1680 554 1725 Ulixi
587 1694 641 1724 ne
672 1680 842 1724 diutius
875 1683 1242 1725 conmorarentur
1273 1681 1472 1725 monenti
1504 1682 1615 1725 adeo

147 1778 237 1807 non
269 1762 470 1806 obsecuti
502 1765 664 1811 essent,
696 1765 745 1804 ut
774 1761 871 1804 cibo
898 1761 1090 1817 vinoque
1124 1775 1283 1819 corpus
1317 1765 1535 1805 curarent.
1569 1765 1617 1804 at

145 1846 248 1889 inde
281 1844 596 1889 detrimentum
629 1856 655 1886 a
682 1842 921 1886 Ciconibus
955 1846 1190 1904 acceptum
1222 1846 1422 1900 repetere
1455 1842 1616 1899 possis,

146 1940 234 1971 non
264 1928 594 1983 tempestatem,
627 1936 739 1981 quae
772 1924 807 1979 (ι
832 1924 887 1967 67
922 1926 1040 1981 sqq.)
1074 1924 1137 1968 eis
1170 1937 1197 1969 a
1226 1923 1338 1968 Jove
1370 1923 1611 1977 exeitatur3

145 2021 234 2051 non
266 2020 344 2050 cur
379 2024 389 2048 ι
416 2006 472 2049 79
497 2018 593 2063 sqq.
627 2005 683 2048 ad
716 2005 911 2062 patriam
942 2005 1262 2062 pervenissent,
1294 2005 1381 2049 nisi
1409 2005 1540 2049 undis
1571 2007 1615 2048 et

144 2086 354 2132 fluctibus
396 2086 557 2130 deiecti
598 2089 767 2138 essent;
813 2098 902 2129 non
944 2086 1133 2143 denique
1166 2098 1244 2129 cur
1274 2097 1449 2129 summa
1478 2084 1614 2128 modo

144 2168 428 2214 contentione
473 2165 757 2225 Lotophagos
808 2165 1032 2221 effugiant.
1096 2171 1193 2211 tum
1229 2166 1407 2211 Ulixem
1448 2165 1615 2210 Miner-

143 2263 224 2294 vae
278 2249 428 2293 odium
481 2247 732 2305 suscepisse
784 2247 903 2291 omni
944 2250 1091 2301 caret,
1139 2246 1307 2292 utiam
1355 2259 1491 2305 supra
1537 2245 1613 2292 de-

142 2330 512 2379 monstravimus,
564 2327 901 2386 probabilitate;
950 2331 1106 2372 contra
1140 2345 1150 2369 ι
1183 2329 1267 2372 317
1312 2326 1442 2371 huius
1495 2330 1611 2372 tute-

141 2412 212 2456 lae
261 2424 433 2455 memor
489 2422 586 2455 esse
640 2423 850 2468 expresse
900 2409 1116 2462 traditum
1173 2422 1316 2467 neque
1364 2409 1510 2454 minus
1557 2422 1612 2452 ex

142 2492 334 2544 auxilio,
393 2491 511 2548 quod
561 2491 600 2534 ei
646 2503 672 2534 a
712 2490 910 2548 nympha
961 2489 1259 2547 proficiscenti
1302 2506 1319 2532 ε
1359 2491 1468 2542 381,
1510 2489 1612 2532 427.

141 2576 305 2625 fertur,
346 2572 594 2616 sententiae
626 2574 807 2616 nostrae
841 2573 949 2615 fides
982 2575 1179 2627 augetur,
1228 2571 1334 2628 quid
1364 2571 1501 2626 igitur
1533 2568 1610 2613 ob-

142 2680 233 2688 0--2
245 2681 331 2685 ffl„„.
340 2681 375 2684 --
397 2680 422 2685 —-

236 2749 275 2791 1)
305 2745 460 2791 theolog.
490 2747 580 2781 hom
613 2746 665 2779 vd.
690 2746 735 2779 ll.
763 2758 796 2790 p.
819 2747 873 2781 36.
