1771 3010
735 235 790 242 -.
881 206 938 252 22
1028 235 1084 243 ..-

172 328 276 365 nam
308 324 533 379 posterius
564 337 654 368 non
685 325 830 382 magis
863 338 1049 385 operose
1080 338 1214 383 quam
1243 327 1393 384 inepte
1416 339 1470 370 ex
1495 309 1664 369 diver-i

173 415 323 447 sorum
355 404 571 450 librorum
604 408 806 451 versibus
829 408 1019 452 diversis
1051 411 1309 462 congestum
1337 421 1433 451 esse
1458 421 1510 451 ac
1536 419 1640 450 con-

171 483 321 527 fusum
352 486 444 530 iam
475 487 643 532 dudum
675 489 759 533 viri
790 489 911 532 docti
943 490 1171 533 evicerunt
1184 489 1232 543 ¹),
1263 501 1405 547 neque
1431 497 1499 532 est
1523 488 1641 547 quod

173 565 377 624 pluribus
418 569 563 614 verbis
604 572 650 614 in
682 584 732 614 eo
765 585 1085 616 eonmoremur.
1135 575 1182 615 at
1212 585 1318 614 num
1362 571 1486 627 prius
1529 570 1642 613 illud

173 661 275 692 cum
310 650 499 694 embolio
533 652 801 709 coniungere
833 652 962 697 nobis
1004 652 1159 706 liceat,
1203 652 1249 696 id
1282 652 1400 710 quod
1433 664 1535 695 cum
1566 649 1644 695 alii

173 734 269 773 tum
309 731 609 776 Kirchhoffius
653 734 876 786 fecerunt,
924 733 1112 778 multum
1157 733 1291 777 habet
1332 732 1641 776 dubitationis.

174 824 280 855 nam
313 825 368 856 ex
400 814 489 865 eis,
521 826 634 870 quae
666 827 804 872 supra
836 815 1148 872 exposuimus,
1177 818 1303 871 patet
1332 814 1379 857 in
1414 826 1465 857 eo
1500 812 1645 856 scelus

174 892 221 936 in
252 892 509 951 Neptunum
541 897 811 940 conmissum
845 900 978 955 atque
1009 895 1237 940 hominum
1267 895 1456 940 liberam
1488 880 1644 938 volun-

175 977 316 1018 tatem
355 975 421 1019 ita
461 978 605 1034 primo
650 977 748 1022 loco
806 978 1051 1030 conlocari,
1102 981 1153 1021 ut
1193 989 1327 1035 quam
1367 976 1645 1020 sententiam

177 1054 431 1101 Nitzschius
463 1058 517 1102 de
549 1060 686 1103 totius
717 1059 896 1104 fabulae
927 1061 1012 1104 fine
1041 1059 1288 1117 profitetur,
1319 1057 1451 1102 valde
1482 1056 1644 1115 proba·
1672 1074 1674 1076 ·

177 1135 280 1180 bilis
312 1138 539 1191 videatur;
573 1141 690 1196 quod
722 1145 879 1184 contra
909 1141 963 1184 de
987 1138 1178 1184 embolio
1211 1140 1419 1192 diximus,
1449 1139 1495 1181 id
1517 1151 1645 1195 pror—
1704 1201 1706 1204 v

178 1230 255 1261 sus
294 1217 397 1262 huic
442 1221 715 1264 contrarium
757 1234 853 1265 esse
895 1211 1176 1277 negari'non
1219 1224 1380 1278 potest.
1432 1224 1482 1263 ut
1511 1219 1648 1274 igitur

177 1297 293 1343 hanc
325 1301 632 1358 quaestionem
663 1303 721 1346 ad
752 1303 883 1346 finem
923 1303 1244 1360 perducamus,
1286 1300 1469 1344 relicum
1501 1303 1569 1343 est
1600 1302 1650 1342 ut

180 1393 295 1437 quae
341 1381 432 1425 alia
473 1383 527 1426 de
566 1382 692 1427 Jovis
737 1386 900 1427 natura
942 1388 1075 1441 atque
1118 1385 1341 1440 potestate
1386 1364 1649 1425 adferuntur

182 1460 460 1517 colligamus.
526 1465 644 1520 quod
686 1465 833 1508 facere
875 1478 924 1507 eo
965 1465 1111 1507 minus
1159 1462 1486 1514 dubitabimus,
1532 1461 1650 1518 quod

181 1542 250 1585 his
283 1542 454 1587 duobus
486 1543 687 1588 conciliis
718 1545 1034 1602 pervestigatis
1066 1558 1200 1601 quam
1232 1544 1321 1586 vim
1352 1542 1561 1599 Juppiter
1592 1541 1649 1585 ad

181 1623 408 1679 Odysseae
460 1624 659 1669 fabulam
714 1626 1073 1683 progredientem
1122 1624 1325 1668 habuerit
1372 1623 1505 1681 plane
1549 1634 1649 1679 per-

183 1705 427 1760 speximus.
475 1718 580 1766 nam
610 1707 656 1749 in
685 1707 874 1750 caeteris
915 1706 1041 1749 libris
1083 1709 1283 1749 extremo
1326 1703 1420 1747 solo
1463 1706 1660 1759 excepto·

183 1797 404 1841 nusquam
444 1786 541 1842 ipse
572 1786 619 1828 in
651 1799 860 1830 scaenam
899 1787 1075 1844 prodit,
1118 1785 1196 1829 sed
1229 1798 1281 1828 ex
1315 1784 1414 1828 aliis
1447 1796 1560 1840 quae
1593 1783 1653 1827 sit

183 1865 278 1907 eius
306 1869 468 1910 natura
499 1870 631 1925 atque
661 1871 864 1924 potestas
907 1867 1228 1922 cognoscimus.
1261 1865 1393 1923 quod
1428 1868 1574 1908 autem
1605 1863 1653 1907 in

183 1949 383 1990 extremo
414 1946 490 1992 illo
522 1947 636 1992 libro
668 1948 800 2001 facit,
842 1949 889 1993 id
921 1948 1031 1992 adeo
1062 1961 1150 1991 non
1182 1952 1250 1992 est
1280 1959 1439 2002 grave,
1483 1950 1533 1989 ut
1562 1958 1656 1989 me-

180 2027 268 2071 lius
300 2028 347 2071 in
380 2027 523 2072 altera
552 2034 682 2086 parte
713 2030 1032 2074 consideretur.
1076 2042 1328 2086 quanquam
1363 2041 1462 2071 cum
1494 2027 1540 2069 in
1570 2025 1655 2069 hac

182 2108 318 2152 totius
345 2108 525 2154 fabulae
555 2109 698 2168 parte,
733 2124 866 2168 quam
886 2109 1140 2155 Nitzschius
1173 2108 1228 2153 ab
1261 2107 1451 2153 embolio
1485 2107 1653 2151 discer-

183 2190 263 2241 nit,
294 2190 522 2233 Minervae
554 2191 768 2233 auxilium
799 2191 963 2233 summi
993 2192 1051 2233 sit
1081 2189 1318 2241 momenti,
1358 2200 1542 2244 eamque
1574 2186 1651 2229 Jo-

185 2269 252 2312 vis
284 2270 487 2326 partibus
518 2271 643 2326 fungi
676 2272 906 2329 adpareat,
939 2283 1052 2327 quae
1080 2269 1138 2314 sit
1168 2269 1278 2314 haec
1308 2268 1464 2313 fabula
1495 2266 1654 2311 simili·
1699 2285 1703 2289 ·

281 2420 319 2464 1)
345 2430 546 2467 quanquam
578 2432 650 2457 non
675 2422 799 2463 Caroli
826 2421 992 2457 Schmitti
1027 2421 1189 2466 vestigiis
1222 2419 1454 2456 insistendum
1481 2422 1555 2463 est,
1594 2418 1654 2463 qui

184 2488 220 2522 in
245 2488 339 2523 libro
366 2490 427 2534 qui
452 2490 662 2525 inscribitur
687 2490 746 2533 ‚de
771 2490 923 2531 secundo
950 2491 987 2525 in
1008 2489 1166 2534 Odyssea
1191 2489 1335 2525 deorum
1362 2488 1513 2524 concilio
1539 2487 1654 2522 inter-

182 2558 308 2602 polato
344 2569 456 2604 eoque
492 2562 653 2595 centone.
702 2559 874 2603 Friburgi
910 2560 1121 2603 Brisgaviae
1148 2559 1255 2594 1852ι
1289 2568 1432 2593 versum
1456 2557 1503 2592 26
1529 2566 1573 2591 ex
1598 2556 1657 2590 his

183 2627 347 2670 partibus
385 2631 591 2672 congestum
628 2639 705 2663 esse
741 2628 942 2663 existimat:
982 2627 1217 2676 Τηλέμαχον
1246 2626 1285 2662 δέ
1324 2625 1414 2671 (od.
1441 2640 1468 2659 π
1493 2624 1528 2660 4.
1554 2634 1587 2658 a.
1611 2622 1657 2669 l.)

184 2697 231 2732 σὺ
259 2695 416 2742 πέμψον
453 2696 539 2741 (Od.
565 2712 594 2746 ’γ
618 2697 706 2743 369)
745 2697 1004 2744 &mea-apium
1036 2696 1124 2743 (Od.
1153 2700 1176 2732 λ
1204 2696 1273 2733 368
1299 2706 1330 2731 ει.
1356 2694 1403 2741 l.)
1432 2713 1476 2720 —
1505 2689 1661 2730 δύνασαι

183 2764 258 2813 ’γάρ
286 2782 330 2790 ···
358 2765 443 2809 (Od.
472 2780 499 2813 Ὑ
524 2766 593 2801 827
619 2775 650 2800 Ι.
674 2765 721 2810 l.)
