1771 3010
684 252 735 261 ...
827 227 881 271 45
979 257 1029 262 --i

130 347 359 393 concessit.
419 345 500 390 hoo
531 345 653 399 facit,
685 346 870 403 inquies,
901 345 1080 389 invitus.
1125 345 1254 390 fratri
1284 348 1572 403 morigeratur

129 438 263 487 atque
292 428 503 483 indulget.
544 432 590 472 at
620 427 703 471 hoe
734 427 842 470 adeo
873 440 959 471 non
990 430 1056 470 est
1087 441 1249 478 verum,
1280 431 1329 471 ut
1359 444 1380 470 v
1400 430 1480 472 147
1511 444 1575 487 sq.

129 511 358 567 Neptunus
389 510 513 553 dicat
802 512 805 514 ’

220 586 344 648 αἶψα
378 589 416 631 κ’
449 588 535 647 ἐγὼ
568 586 765 648 ἔρξαιμι,
801 586 1089 644 κελαινεφὲς,
1124 584 1177 640 ὡς
1209 587 1450 647 α’γορεὺεις·

220 670 350 715 α’λλοῖ
383 669 459 714 σὸν
492 667 576 713 αἰεὶ
607 668 763 730 &up-dv
798 668 1014 730 ὀπίζσμαι
1047 667 1114 726 ἠδ’
1146 667 1348 714 α’λεείνω.

133 754 239 811 quid
278 754 443 808 igitur?
487 765 631 795 nonne
669 751 737 795 his
778 751 1048 806 argumentis
1079 750 1189 794 illud
1220 752 1401 796 deorum
1433 756 1576 798 conci-

131 834 240 878 lium
271 833 327 877 ab
360 833 512 876 eodem
542 836 674 888 poeta
705 833 983 889 conpositum
1014 845 1124 881 esse,
1155 845 1181 874 a
1213 846 1297 888 quo
1329 833 1575 887 embolium,

132 913 361 972 probabile
392 914 471 956 fit?

180 998 182 1000 ’
248 994 335 1038 Sed
375 995 633 1051 priusquam
678 994 734 1036 ad
780 992 868 1035 alia
910 997 1189 1036 transeamus
1230 997 1370 1037 restat
1410 999 1459 1038 ut
1492 1010 1579 1039 non

132 1075 255 1120 nulla
286 1088 397 1132 quae
428 1077 532 1119 sunt
553 1075 599 1118 in
619 1073 700 1117 hoo
732 1073 917 1117 coneilio
949 1075 1242 1118 emendemus.
1275 1090 1314 1119 v.
1332 1076 1446 1120 6-—9
1463 1078 1578 1121 enim

131 1157 318 1212 legimus
359 1157 503 1200 socios
546 1168 627 1199 sua
656 1155 854 1213 ipsorum
897 1154 1027 1212 culpa
1056 1156 1263 1212 periisse,
1309 1158 1426 1213 quod
1457 1158 1576 1202 Solis

131 1238 265 1282 boves
309 1238 580 1281 cecidissent.
643 1250 721 1280 suo
762 1241 908 1279 autem
947 1237 1041 1280 iure
1071 1235 1263 1280 Jacobus
1294 1236 1321 1280 l.
1346 1237 1374 1281 l.
1404 1252 1446 1295 p.
1475 1240 1577 1284 424.

131 1318 262 1363 dicit:
313 1320 528 1369 „Wnerde
567 1321 681 1359 wohl
712 1320 913 1371 jemand,
960 1321 1038 1357 der
1068 1332 1199 1359 unsre
1231 1320 1419 1371 odyssee
1459 1323 1579 1361 nicht

132 1402 312 1451 kennte,
356 1401 427 1440 bei
465 1401 612 1439 diesen
648 1400 809 1440 Versen
849 1413 932 1439 mer
962 1413 1018 1439 an
1048 1401 1118 1439 die
1148 1402 1304 1440 letzten
1340 1403 1431 1442 und
1460 1404 1580 1443 nicht

132 1484 337 1522 vielmehr
366 1496 423 1521 an
453 1483 540 1521 alle
570 1481 834 1533 Gefaehrlen
865 1483 941 1521 des
973 1482 1190 1533 Odys-sens
1220 1482 1401 1532 denken,
1431 1485 1502 1523 die
1532 1498 1580 1523 er

132 1565 250 1603 hatte
279 1577 361 1603 von
397 1564 526 1603 Troia
558 1540 851 1614 heimfuehren
883 1564 1096 1620 wollen3ffl‘
1139 1562 1218 1605 sed.
1248 1565 1419 1606 tantum
1452 1562 1579 1608 abest

132 1647 182 1687 ut
196 1644 243 1687 id
266 1643 381 1700 quod
410 1642 506 1686 vult
536 1642 764 1693 efficiatur,
796 1646 846 1685 ut
876 1655 975 1685 oum
989 1640 1256 1686 Kirchhoffio
1287 1656 1462 1687 versum
1492 1646 1575 1689 8.9.

132 1724 366 1769 reiciamus
381 1722 432 1781 1).
464 1723 623 1768 deinde
652 1724 898 1767 invenimus
931 1740 957 1765 α
976 1724 1033 1767 29
1053 1737 1146 1782 sqq.
1180 1724 1233 1768 de
1253 1723 1364 1768 Jove
1386 1726 1576 1770 dietum:

131 1807 339 1867 μνήσατο
373 1803 461 1865 γάρ
496 1803 622 1848 κατά
650 1803 805 1864 θυμόν
839 1799 1067 1864 ἀμύμονος
1096 1804 1334 1863 Αἰγίσθοιο

133 1886 214 1930 τόν
247 1883 664 1946 ῥ’Άγαμεμνονὶδης
692 1883 975 1943 τηλεκλυτὸς
1006 1883 1144 1929 ἔκταν
1174 1884 1397 1944 Ὀρέστης.

113 1966 216 2035 λτοῢ
249 1963 276 2010 ὅ
306 1964 347 2024 ’γ’
377 1963 666 2026 ἐπιμνησθεὶς
695 1963 783 2009 ἔπε’
817 1962 1098 2009 ἀθανάτοισι
1130 1960 1348 2027 μετηύδα.

135 2063 243 2106 quos
275 2062 426 2094 versus
458 2062 480 2092 e
513 2047 536 2090 δ
570 2047 796 2092 187--189
824 2047 1107 2105 interpositos
1139 2060 1235 2092 esse
1264 2051 1384 2093 recte
1414 2062 1576 2106 eogno-

132 2131 196 2176 vit
225 2130 522 2187 Henningsius
533 2128 583 2185 ²).

784 2271 811 2327 §
845 2271 910 2315 13.

248 2375 464 2429 Quoniam
492 2375 627 2430 igitur
666 2373 904 2419 embolium
936 2373 991 2419 ab
1022 2387 1107 2419 uno
1138 2377 1268 2432 poeta
1298 2375 1576 2433 conpositum

132 2468 227 2501 esse
261 2456 533 2502 ostendimus
570 2469 710 2515 neque
748 2457 845 2499 fieri
886 2468 1018 2514 posse
1046 2459 1096 2499 ut
1124 2468 1213 2498 non
1241 2455 1349 2500 nulli
1379 2455 1480 2500 libri
1510 2458 1576 2501 sie

224 2653 266 2698 1)
293 2653 360 2689 Die
396 2655 491 2688 hom.
530 2651 657 2697 odyss.
681 2663 718 2698 p.
745 2654 777 2688 3.
818 2653 863 2688 cs.
889 2653 1026 2689 Becker
1059 2652 1176 2687 sched.
1213 2653 1305 2688 hom.
1339 2664 1399 2699 pp.
1428 2653 1495 2690 101
1522 2665 1574 2700 sq.

129 2718 333 2760 Heerklotz.
360 2723 385 2759 l.
411 2722 435 2759 1.
461 2733 520 2770 pp.
547 2723 569 2759 5
595 2732 648 2768 sq.

218 2792 256 2835 2)
283 2792 412 2828 Jahrb.
437 2792 466 2836 f.
492 2793 535 2826 cl.
565 2791 702 2827 Philol.
732 2791 833 2827 1858.
859 2801 894 2836 p.
922 2791 998 2827 151.
1048 2791 1221 2834 Koechlyi
1247 2791 1332 2828 diss.
1360 2794 1377 2828 1
1401 2804 1435 2839 p.
1458 2794 1514 2832 11.
