1771 3010
739 230 793 237 ...-
886 204 940 246 52
1032 229 1085 236 .-

186 324 278 367 eius
311 323 385 380 qui
415 323 599 380 perficit,
633 335 763 379 quam
797 322 871 379 qui
900 322 997 378 ipse
1028 321 1212 378 perficit,
1239 321 1314 364 ·vel
1341 322 1415 379 qui
1446 324 1513 364 est
1543 333 1643 377 per·

183 403 327 447 fectus
343 402 391 461 ¹).
425 403 529 460 quid
560 403 725 459 igitur?
757 416 901 446 nonne
934 415 1009 445 eas
1043 403 1288 445 carminum
1306 401 1641 446 Homericorum

182 489 348 543 parteS,
377 485 424 528 in
456 484 614 542 quibus
647 485 824 543 saepius
841 482 1056 544 Κρονίδης
1086 496 1219 541 quam
1236 482 1436 543 Κρονίων
1467 482 1641 538 legitur,

182 566 496 624 inperfectiore
537 569 685 609 aetate
727 566 983 623 conpositas
1029 578 1126 609 esse
1167 569 1316 608 nostro
1357 565 1451 608 iure
1483 565 1645 609 conici-

183 652 310 691 mus?
343 648 545 705 quamvis
570 650 719 691 autem
750 647 878 706 parvi
908 647 1118 691 momenti
1146 645 1228 691 hoc
1260 645 1403 690 solum
1434 646 1505 700 sit,
1555 647 1642 690 nisi

182 729 284 772 aliis
316 730 588 784 argumentis
621 730 932 781 confirmatur,
972 742 1022 773 eo
1053 728 1266 771 maiorem
1295 726 1429 771 habet
1458 728 1573 781 vim,
1604 728 1643 772 si

182 823 293 868 quae
336 814 469 854 antea
508 810 638 854 huius
670 811 897 868 Odysseae
928 809 1070 869 partis
1100 810 1284 867 propria
1314 822 1411 853 esse
1442 810 1635 853 diximus

181 891 528 936 consideramus.
562 892 728 936 nemini
758 892 893 947 igitur
924 891 1107 935 dubium
1139 891 1223 934 erit
1246 891 1352 948 quin
1380 890 1489 934 haec
1519 903 1638 949 pars,

178 973 446 1030 praesertim
480 987 578 1016 cum
611 988 678 1017 vv.
703 990 730 1014 α
767 972 908 1014 1—87
939 976 983 1016 et
1015 989 1032 1014 ε
1067 970 1208 1014 1-42
1239 972 1421 1016 remotis
1452 970 1508 1017 ab
1540 970 1640 1015 aliis

178 1054 305 1098 libris
348 1058 547 1108 secatur,
591 1054 646 1098 ab
680 1054 767 1098 alio
800 1057 935 1112 poeta
967 1058 1099 1113 atque
1130 1053 1367 1098 embolium
1408 1054 1638 1112 conposita

178 1137 237 1180 sit
267 1149 404 1193 eoque
437 1136 511 1192 qui
542 1135 823 1193 perfectioris
856 1136 915 1178 sit
944 1136 1118 1179 aetatis.

846 1275 873 1329 ς
907 1274 972 1316 14.

293 1379 450 1423 Restat
480 1384 530 1423 ut
560 1392 674 1437 quae
706 1380 764 1423 sit
795 1380 840 1422 in
874 1378 1076 1423 versibus
1109 1394 1129 1420 ν
1165 1379 1303 1422 185-
1338 1396 1370 1420 ω
1392 1378 1477 1421 548
1509 1379 1634 1424 Jovis

174 1465 337 1506 natura
367 1464 499 1518 atque
531 1464 730 1519 potestas
762 1474 1041 1519 quaeramus.
1085 1464 1216 1519 atque
1246 1460 1317 1505 hic
1349 1475 1522 1520 quoque
1542 1462 1635 1507 Mi-

174 1557 312 1587 nerva
344 1543 596 1588 arctissimo
627 1542 801 1586 vinculo
835 1556 932 1586 cum
966 1556 1015 1586 eo
1049 1543 1285 1586 coniuncta
1309 1546 1387 1586 est.
1435 1542 1633 1587 Telema-

174 1625 281 1668 chus
314 1625 429 1668 enim
462 1642 494 1666 π
525 1623 612 1666 264
653 1624 921 1667 mentionem
956 1623 1066 1668 facit
1107 1627 1151 1667 et
1181 1623 1308 1667 huius
1341 1627 1385 1667 et
1413 1623 1533 1667 illius
1563 1628 1633 1668 tu—

171 1705 311 1759 telae;
341 1705 494 1749 Ulixes
511 1705 592 1749 hos
609 1705 714 1749 deos
731 1717 967 1762 procorum
990 1705 1161 1748 animos
1193 1708 1505 1749 occaecaturos
1537 1719 1633 1749 esse

172 1804 204 1830 π
232 1786 318 1829 298
351 1779 533 1830 confidit
549 1786 600 1843 ²).
633 1803 666 1829 π
697 1784 783 1827 282
815 1786 869 1829 de
899 1785 979 1829 illa
1009 1786 1170 1829 dicitur
1201 1787 1318 1843 quod
1349 1786 1433 1828 291
1467 1788 1520 1830 de
1551 1801 1631 1844 pa-

169 1871 237 1911 tre
270 1868 324 1912 cf.
362 1884 386 1910 υ
417 1865 489 1910 42.
522 1884 554 1908 ω
588 1866 687 1910 518.
731 1867 908 1922 legatur
949 1866 1003 1910 ab
1046 1866 1129 1910 hoc
1161 1883 1192 1908 ω
1226 1866 1309 1909 477
1342 1881 1436 1925 sqq.
1471 1870 1520 1912 ut
1548 1881 1629 1926 pa—

170 1963 265 1993 cem
296 1950 412 1992 inter
442 1948 697 1992 Ithacenses
731 1948 947 1992 conciliet.
981 1951 1101 1992 tenet
1130 1965 1169 2007 χ
1189 1947 1274 1990 297
1297 1949 1423 1993 Jovis
1456 1952 1629 1994 scutum

171 2032 288 2087 quod
321 2031 443 2085 aegis
477 2034 685 2082 vocatur,
719 2044 804 2088 quo
839 2043 1000 2087 procos
1031 2033 1210 2075 terreat.
1256 2030 1509 2088 inploratur
1539 2044 1629 2075 una

169 2126 270 2156 cum
311 2111 422 2156 Jove
464 2115 508 2156 et
547 2110 752 2169 Apolline
796 2128 818 2172 g>
853 2109 952 2155 132.
1001 2126 1026 2154 σ
1056 2111 1155 2155 235.
1191 2129 1223 2155 w
1256 2111 1364 2165 376;
1412 2127 1516 2157 nam
1560 2117 1629 2157 est

169 2189 526 2254 ὀμβριμοπάτρη
561 2192 710 2236 ω540.
744 2189 849 2246 Διὸς
863 2193 1079 2254 θυγατήρ
1114 2192 1247 2236 υ359.
1282 2191 1441 2253 ψ205.
1476 2192 1625 2237 ω502.

168 2270 306 2335 κούρη
341 2273 443 2327 Διὸς
475 2290 495 2316 v
530 2274 627 2316 190.
671 2274 770 2318 300.
802 2274 903 2317 318.
953 2293 985 2316 w
1018 2273 1117 2317 521.
1164 2271 1300 2335 κούρη
1335 2272 1439 2328 Διὸς
1481 2273 1625 2332 αἰγιό-

166 2373 293 2415 χοιο.
323 2373 342 2398 ν
363 2355 461 2399 252.
497 2354 596 2399 371.
631 2373 662 2398 ω
687 2355 784 2399 529.
819 2354 917 2399 547.
952 2356 1030 2401 Sed
1061 2356 1195 2401 etiam
1216 2355 1362 2402 Diana
1403 2355 1509 2410 Διός
1538 2359 1625 2400 θυ-

258 2497 295 2538 1)
322 2495 404 2530 vide
430 2496 581 2531 Preller.
608 2496 758 2541 Mythol.
787 2496 914 2532 Graec.
942 2498 959 2528 I
983 2496 1037 2532 ed.
1065 2498 1098 2533 2.
1124 2508 1161 2542 p.
1186 2498 1242 2533 45.

255 2566 293 2606 2)
320 2582 348 2601 π
372 2566 560 2602 281-298
587 2577 664 2601 cum
690 2566 732 2600 ab
758 2566 837 2602 aliis
863 2566 1060 2602 editoribus
1094 2569 1165 2602 tum
1194 2578 1211 2602 a
1238 2568 1397 2603 Beckero
1434 2576 1622 2603 removen-

161 2639 233 2679 tur,
261 2635 353 2679 quod
382 2636 583 2680 interpositi
611 2637 682 2670 sint
707 2647 750 2670 ex
776 2653 797 2671 τ
823 2636 951 2671 4-13,
982 2640 1017 2670 at
1041 2636 1285 2670 Kirchhoffius
1326 2637 1403 2680 (die
1432 2635 1621 2679 Composi-

124 2719 126 2721 ·
160 2705 240 2738 tion
267 2705 331 2738 der
361 2704 516 2748 Odyssec
550 2715 608 2750 pp.
639 2704 708 2739 163
735 2706 829 2750 sqq.)
868 2706 972 2740 evicit
1009 2717 1051 2740 ex
1078 2707 1259 2740 contrario
1296 2706 1386 2739 hunc
1422 2703 1535 2739 locum
1564 2704 1622 2748 qui

162 2774 212 2806 est
238 2774 272 2806 in
300 2790 321 2809 τ
350 2774 594 2818 interpositum
623 2784 700 2808 esse
727 2785 768 2809 ex
796 2773 858 2808 illo
886 2776 942 2819 qui
976 2778 1027 2809 est
1054 2776 1089 2808 in
1116 2791 1154 2808 π.
