1771 3010
730 238 783 243 ,ψ
874 211 1074 254 44„

172 338 353 382 prorsus
397 326 526 371 aliter
555 340 603 371 se
633 327 766 372 habet
796 330 917 386 prius
950 330 1130 372 deorum
1172 331 1417 375 concilium..
1478 345 1505 374 a
1534 344 1619 388 quo

171 407 289 451 enim
320 411 364 451 et
394 422 522 465 quem
554 409 610 452 ad
639 410 769 453 finem
802 411 1081 467 conpositum
1114 415 1202 464 est,
1234 412 1321 455 nisi
1351 413 1406 457 ab
1439 427 1514 461 eo,
1547 413 1621 470 qui

170 487 673 547 embolium.conposuit
701 491 832 548 idque
862 492 975 543 ide0‚
1007 496 1055 535 ut
1076 492 1122 535 id
1138 483 1400 537 inchoaret?
1430 495 1634 538 fortasse-

169 569 392 626 quispiam
422 571 586 615 dixerit
617 586 691 616 eos
722 572 872 625 libros,
904 574 950 616 in
968 573 1125 630 quibus
1156 574 1307 617 insunt
1337 573 1515 631 apologi
1545 576 1619 633 qui

170 655 384 695 vocantur
412 651 589 697 Alcinoi
633 653 688 697 ab
730 653 829 698 aliis
874 656 1127 712 conpositos
1168 668 1263 699 esse
1305 659 1436 713 atque
1467 655 1521 699 ab
1553 671 1618 709 eo,

171 734 244 788 qui
288 737 331 777 et
368 735 608 792 hospitium
652 736 829 781 Alcinoi
871 740 914 780 et
945 736 1086 780 Ulixis
1128 737 1317 780 reditum
1364 738 1595 794 conposuit
1606 757 1617 790 ;

168 814 233 857 ita
265 819 311 859 ut
340 815 422 860 hoc
455 818 688 861 concilium
720 831 794 861 eos
825 818 955 862 modo
986 817 1124 861 libros
1159 817 1410 869 inchoaret,
1461 818 1616 875 quibus

169 894 222 936 de
253 894 526 940 Phaeacibus
569 898 727 951 agitur.
789 901 836 940 at
864 898 929 940 ita
960 910 1131 954 quoque
1172 897 1369 951 intellegi
1400 912 1487 941 non
1517 902 1617 954 pot-

153 978 235 1020 est
269 990 345 1019 cur
375 976 528 1021 Ulixes
567 979 658 1022 iam
697 978 887 1021 miseriis
929 978 1128 1023 adfectus
1172 979 1231 1022 sit
1263 979 1519 1036 priusquam
1559 980 1617 1022 ad

167 1056 383 1115 Cyclopes
423 1072 582 1103 navem
629 1058 871 1116 adpelleret
914 1062 992 1102 aut
1037 1072 1136 1103 cum
1178 1063 1295 1104 esset
1334 1060 1381 1103 in
1423 1060 1617 1103 monstri

164 1137 388 1195 spelunca.
803 1199 807 1202 ἢ

282 1220 422 1273 Quam
453 1221 508 1265 ob
540 1235 633 1265 rem
675 1235 854 1265 necesse
900 1226 967 1266 est
1008 1223 1066 1265 sit
1106 1222 1293 1266 alterum
1333 1223 1387 1265 de
1429 1221 1613 1266 duobus.

166 1303 244 1344 aut
274 1301 456 1346 deorum
496 1301 608 1347 illud
650 1302 883 1346 concilium
923 1301 978 1345 ab
1021 1301 1209 1346 embolio
1245 1301 1479 1345 abhorrere
1511 1316 1613 1346 con-

164 1380 387 1435 fiteamur,
435 1386 512 1427 aut
542 1396 671 1441 quem
702 1384 760 1427 ad.
789 1386 919 1427 finem
950 1384 1229 1440 conpositum
1260 1384 1320 1426 sit
1351 1383 1497 1427 dicere
1528 1398 1614 1427 non

163 1476 413 1520 possumus,
472 1479 614 1523 neque
656 1478 758 1509 vero
798 1465 981 1509 dubium
1022 1464 1105 1508 erit
1135 1465 1239 1522 quin
1268 1464 1459 1521 priorem
1489 1464 1613 1508 illam

165 1544 280 1589 viam
320 1545 569 1600 ineamus‚‘
592 1550 635 1590 et
666 1547 704 1591 si
736 1546 1021 1590 offensionem
1061 1559 1149 1589 non
1189 1545 1423 1598 tollamus,
1467 1549 1612 1589 tamen

165 1640 278 1683 quae
310 1627 399 1671 sint
429 1629 523 1671 eius
555 1641 740 1672 caussae
780 1641 1060 1686 quaeramus.
1125 1628 1198 1684 qui
1229 1628 1344 1671 enim
1377 1627 1484 1670 haec
1516 1641 1611 1670 car—

162 1708 286 1752 mina
316 1710 562 1767 conposuit,
594 1711 633 1753 ei
655 1711 766 1754 duae
796 1723 991 1753 errorum
1024 1722 1207 1754 caussae
1238 1709 1430 1753 traditae
1463 1709 1612 1753 viden-

163 1794 258 1833 tur:
289 1791 478 1848 putabat
500 1792 617 1835 enim
645 1796 689 1835 et
710 1791 911 1834 omnibus
936 1790 1185 1834 hominibus
1219 1791 1486 1833 destinatum
1516 1804 1612 1834 esse

162 1874 212 1915 ut
229 1872 421 1916 miseriis
444 1876 712 1916 vexarentur
733 1877 776 1917 et
792 1872 966 1916 Ulixem
983 1871 1239 1928 Polyphemi
1265 1871 1432 1916 caecati
1454 1884 1613 1915 caussa

163 1952 417 2005 calamitate
448 1953 590 1997 adfici.
653 1953 731 1996 sed
762 1966 862 1996 cum
894 1952 1091 1996 carmina
1120 1951 1370 2003 inchoaret,
1411 1952 1501 1994 iam
1533 1951 1610 1994 ab·

162 2034 418 2078 solutiorem
448 2034 572 2078 illam
602 2036 840 2085 notionem,
872 2048 960 2092 qua
977 2034 1175 2078 homines
1196 2047 1284 2077 non
1305 2046 1472 2091 poenas
1504 2033 1609 2077 dare

163 2116 441 2161 existimaret
469 2117 557 2161 nisi
577 2118 615 2161 si
635 2118 955 2175 peccavissent,
986 2117 1132 2160 animo
1165 2120 1451 2173 conceparet;
1484 2114 1608 2172 paul-

161 2197 291 2242 latim
336 2202 484 2242 autem
518 2199 627 2242 haec
656 2200 777 2242 notio
810 2186 1152 2250 obscurabatur,
1198 2202 1247 2240 ut
1277 2196 1443 2239 nullam
1475 2196 1611 2239 aliam

163 2293 361 2324 errorum
402 2293 605 2324 caussam
646 2283 825 2337 putaret
854 2280 940 2323 nisi
971 2278 1114 2323 scelus
1144 2279 1191 2322 in
1221 2278 1474 2335 Neptunum
1507 2291 1609 2321 con-

159 2362 357 2405 missum.
422 2364 681 2419 quaerentes
724 2364 871 2404 autem
915 2374 1018 2403 num
1058 2360 1186 2403 huius
1227 2359 1291 2401 rei
1330 2358 1492 2402 similia
1521 2358 1611 2402 sint

160 2443 352 2499 primum
391 2443 717 2487 reminiscimur
757 2443 942 2486 eundem
972 2445 1151 2499 poetam
1181 2455 1269 2483 non
1298 2440 1428 2484 modo
1461 2440 1608 2496 Olym-

160 2537 266 2581 pum
298 2524 481 2569 deorum
513 2537 609 2568 esse
637 2524 787 2568 sedem
802 2523 1007 2575 voluisse,
1039 2523 1117 2566 sed
1134 2522 1268 2566 etiam
1299 2521 1482 2565 coelum.
1514 2525 1610 2564 tum

160 2604 367 2662 ‚Iuppiter
410 2607 610 2662 quamvis
656 2619 787 2663 saepe
824 2605 996 2663 hospite
1032 2608 1100 2648 set
1127 2608 1320 2647 tueretur
1350 2608 1394 2647 et
1424 2603 1609 2646 ulcisce-

161 2690 302 2739 retur,
364 2689 563 2745 quamvis
618 2690 768 2745 aperte
806 2687 905 2731 ideo
948 2686 1080 2730 modo
1126 2684 1346 2729 Phaeaces
1392 2682 1606 2739 diligeret,

163 2773 280 2830 quod
311 2770 552 2827 hospitales
595 2773 764 2819 essent,
809 2772 959 2812 tamen
989 2772 1038 2811 ut
1070 2768 1297 2823 Neptunus
1330 2779 1404 2810 eos
1436 2766 1611 2822 puniret
