1771 3010
724 226 778 232 -..
870 200 926 243 26
1017 227 1070 234 .-

215 312 285 356 σοί
317 312 362 355 δέ
392 311 530 357 θεοὶ
558 311 743 373 ἄλοχον
777 315 906 359 ἰδέειν
939 315 1015 360 καὶ
1046 315 1227 376 πατρίδ’
1259 318 1441 361 ἱκέσθαι

212 391 344 445 δοῖεν,
377 391 471 439 ἐπεὶ
506 391 559 455 δὴ
594 393 715 453 δηθὰ
748 395 900 454 φίλων
933 394 1025 442 ἄπο
1058 397 1257 456 πήματα
1290 394 1500 457 πάσχεις.

148 476 194 517 et
225 491 250 515 κ
281 475 370 518 472
400 489 496 533 sqq.

259 554 467 616 δαιμόνι’,
501 553 582 616 ἤδη
617 556 692 601 νῦν
723 560 981 619 μιμνήσκεο
1016 558 1233 618 πατρίδος
1264 556 1374 617 αἴης,

264 634 309 679 εἴ
334 652 407 680 τοι
439 635 750 694 θέσφατόν
783 637 879 683 ἐστι
913 642 1155 698 σαωθῆναι
1188 636 1265 682 καὶ
1300 637 1484 682 ἱκέσθαι

264 712 390 761 οἶκον
423 710 688 778 ἐϋκτίμενον
721 717 797 763 καὶ
831 717 912 779 σὴν
944 719 982 774 ἐς
1012 720 1212 781 πατρίδα
1244 721 1397 778 γαῖαν.

144 810 248 840 nam
282 811 382 842 oum
410 798 478 843 his
509 803 603 843 tum
634 800 723 844 illis
756 801 870 845 idem
904 802 958 845 de
990 802 1084 845 deis
1118 801 1281 846 dicitur
1323 801 1443 859 quod
1473 804 1607 844 antea

143 879 199 923 de
228 878 354 924 Fato.
408 881 563 925 eodem
609 885 756 925 autem
804 883 935 926 modo
981 883 1269 938 intellegendi
1307 886 1412 926 sunt
1456 894 1610 925 versus

143 975 161 1001 ε
195 958 294 1004 312.
327 960 426 1005 345.
456 960 592 1019 436¹)
629 979 639 1003 ι
671 962 759 1007 532
791 966 834 1006 et
864 976 953 1007 vox
995 976 1108 1021 quae
1139 967 1208 1008 est
1251 956 1359 1005 αἶσα
1375 962 1436 1019 2),
1478 956 1611 1021 quam

140 1041 330 1096 legimus
365 1060 383 1084 ε
404 1042 501 1086 113.
521 1042 625 1086 206.
645 1043 745 1087 288.
779 1045 856 1087 sed
890 1048 1045 1088 contra
1081 1062 1103 1103 η
1127 1043 1209 1086 196
1233 1058 1327 1101 sqq.
1360 1044 1608 1088 invenimus

850 1122 962 1167 ἔνθα
997 1123 1032 1167 δ’
1064 1122 1223 1168 ἔπειτα

254 1203 463 1248 πείσεται
497 1201 618 1247 ἅσσα
652 1206 692 1247 οἱ
725 1200 833 1247 αἶσα
868 1209 991 1248 κατὰ
1025 1204 1203 1258 κλῶθές
1233 1222 1284 1248 τε
1318 1206 1504 1262 βαρεῖαι

254 1284 507 1345 γιγνομένῳ
542 1286 740 1342 νήσαντο
773 1284 882 1342 λίνῳ
916 1282 997 1330 ὅτε
1028 1302 1105 1346 μιν
1139 1286 1243 1331 τέκε
1275 1289 1442 1347 μήτηρ.

136 1379 221 1422 quo
252 1364 348 1410 loeo
381 1380 481 1410 eum
515 1379 726 1424 expresse
752 1367 862 1411 deae
890 1370 1289 1420 conmemorentur,
1322 1379 1434 1424 quae
1460 1366 1601 1410 homi-

131 1460 242 1493 num
272 1451 418 1492 sortes
450 1448 691 1499 destinant,
724 1448 923 1502 cogimur
954 1452 1004 1492 ut
1023 1449 1280 1492 adcuratius
1312 1448 1601 1505 anquiramus

134 1530 284 1571 utrum
314 1528 442 1572 Jovis
484 1528 691 1571 voluntas
732 1529 792 1573 sit
832 1527 973 1573 libera
1009 1542 1061 1572 ac
1093 1541 1268 1572 summa
1313 1541 1372 1571 an
1402 1527 1502 1571 Fati
1531 1528 1599 1571 in-

131 1610 256 1666 perio
288 1608 504 1654 subiecta.

250 1690 500 1734 Secundum
518 1691 722 1735 Curtium
754 1693 903 1734 autem
934 1690 983 1747 (1.
1008 1690 1036 1733 l.
1069 1704 1110 1747 p.
1128 1690 1233 1742 297)
1264 1689 1449 1733 verbum
1481 1689 1601 1746 quod

131 1774 199 1814 est
229 1772 368 1830 μοῖρα
400 1773 568 1829 pariter
599 1785 651 1815 ac
677 1770 907 1830 μείρομαι,
941 1768 1134 1831 ἔμμορα,
1172 1769 1387 1830 εἵμαρται
1433 1771 1622 1815 ducem*

130 1852 236 1895 dum
269 1856 337 1896 est
362 1865 387 1896 a
410 1852 544 1896 verbo
575 1853 728 1896 nativo
761 1852 877 1909 quod
910 1856 977 1896 est
1007 1850 1127 1896 MEP
1161 1854 1205 1895 et
1229 1851 1449 1909 principio
1479 1851 1600 1895 idem

130 1933 250 1977 valet
281 1934 398 1990 quod
427 1933 572 1992 μέρος,
607 1934 723 1990 quod
755 1936 930 1990 partem
963 1932 1194 1987 significat.
1229 1946 1283 1976 ex
1315 1931 1400 1975 hac
1430 1932 1596 1990 princi—

129 2014 221 2070 pali
263 2015 446 2057 notione
490 2014 726 2071 paullatim
759 2028 811 2057 ea
842 2017 910 2057 est
941 2014 1167 2071 profecta,
1217 2025 1328 2070 quae
1360 2015 1429 2057 est
1477 2025 1596 2071 ,pats

130 2096 272 2145 iusta,
315 2095 360 2137 id
393 2095 511 2151 quod
545 2095 677 2136 alicui
710 2092 920 2137 debetur’.
965 2095 1117 2150 itaque
1148 2096 1182 2136 Β
1215 2093 1314 2136 470.
1356 2097 1508 2150 partes
1540 2074 1599 2137 ud

127 2176 400 2233 epulandum
418 2175 753 2219 distribuendae
785 2175 941 2233 μοῖραι
965 2178 1193 2227 vocantur,
1227 2179 1271 2217 et
1285 2188 1417 2218 versu
1449 2172 1594 2218 2534.

227 2256 390 2315 μοῖραν
425 2253 501 2298 καὶ
534 2255 666 2314 γέρας,
699 2252 865 2297 ἐσθλὸν
899 2251 1023 2312 ἔχων
1058 2252 1127 2298 ἐπὶ
1162 2252 1259 2313 νηὸς
1290 2251 1471 2308 ἔβαινεν

127 2351 216 2381 vox
257 2351 371 2394 quae
411 2342 480 2382 est
518 2337 657 2396 μοῖρα
701 2336 902 2394 paullum
943 2335 1092 2380 differt
1131 2350 1158 2380 a
1188 2336 1323 2380 verbo
1366 2336 1485 2394 quod
1525 2340 1595 2381 est

124 2418 270 2478 γέρας.
304 2418 617 2476 progrediente
651 2420 801 2462 autem
832 2420 1031 2474 tempore
1065 2417 1186 2461 notio
1217 2416 1297 2461 illa
1327 2416 1592 2475 principalis

217 2613 256 2657 1)
283 2613 326 2647 de
353 2614 473 2648 verbis
506 2623 595 2658 quae
622 2616 704 2647 sunt
731 2612 820 2661 ὑπὲρ
847 2614 987 2662 μόρον,
1028 2624 1115 2658 quae
1142 2614 1176 2647 in
1204 2613 1270 2648 hoc
1296 2622 1403 2647 versu
1427 2611 1591 2656 legimus,

122 2682 302 2717 uberrime
328 2682 401 2726 egit
427 2680 731 2726 Naegelsbachius
755 2680 866 2717 theol.
894 2681 997 2717 Hom.
1026 2681 1081 2718 ed.
1106 2680 1141 2717 2.
1171 2681 1238 2715 ΙΙΙ.
1269 2680 1328 2722 10,
1358 2690 1417 2726 pp.
1433 2679 1500 2716 139
1515 2691 1591 2727 sqq.

216 2750 256 2792 2)
285 2748 364 2784 vide
390 2748 594 2786 Doederlini
623 2750 741 2786 Gloss.
771 2751 874 2786 Hom.
900 2749 1019 2796 §42st
1047 2749 1238 2794 Naegelsb.
1266 2749 1324 2784 Ι.1.
1352 2750 1504 2797 pp.‚122
1517 2760 1592 2795 sqq.
