1771 3010
708 225 1047 267 *41-

153 362 252 396 esse
286 346 483 402 adparet.
533 353 783 400 quanquam
813 355 899 385 non
928 341 1059 386 nullis
1089 341 1214 387 libris
1245 343 1353 388 nihil
1385 346 1471 389 nisi
1498 361 1595 391 coe-

155 431 246 475 lum
275 427 648 473 commoratur,
687 436 903 481 nusquam
936 423 1162 482 Olympus.
1208 431 1254 470 at
1282 429 1474 485 primum
1515 428 1597 473 hoc

157 512 300 557 solum
330 508 502 553 efficere
532 517 621 548 non
650 507 796 562 potest
825 507 874 548 ut
904 504 1032 549 aliter
1074 506 1338 562 iudicemus,
1380 509 1466 554 nisi
1496 509 1596 556 aliis

154 591 426 648 argumentis
469 587 774 636 confirmatum
828 586 927 629 aliis
971 590 1118 630 autem
1157 588 1289 632 rebus
1332 592 1597 635 sententiam

104 663 108 667 Α
154 676 353 720 nostram
396 666 577 728 probari
627 666 735 711 satis
784 666 1152 713 demonstravisse
1206 669 1333 714 nobis
1385 673 1596 719 videmur.
1663 690 1669 698 ⁴

155 756 312 802 deinde
344 766 368 796 e
397 763 527 794 versu
565 766 600 809 μ,
629 750 738 802 344,
782 749 858 793 ubi
899 749 1086 804 legimus
1129 748 1201 794 τοὶ
1245 746 1433 811 οὐρανόν
1466 750 1595 816 εὐρὺν

157 836 360 896 ἔχουσιν,
392 835 631 890 conparato
665 844 763 874 cum
794 831 928 889 3337
958 827 1264 892 οἳ”ολυμπου
1297 830 1484 893 ἔχουσιν
1514 852 1595 895 pa-

154 923 217 963 tet
249 915 446 974 quamvis
477 915 523 956 in
553 912 636 956 hoc
662 901 846 956 embolio
888 913 999 957 coeli
1037 914 1159 957 notio
1200 918 1351 971 aperte
1383 922 1596 976 concepta

152 1001 224 1053 sit,
255 1002 404 1042 tamen
419 994 591 1052 Olympi
624 993 848 1038 notionem
871 1008 960 1037 non
982 1008 1162 1052 prorsus
1180 995 1462 1042 obscuratam
1484 1013 1593 1053 esse,

151 1082 217 1125 ita
247 1083 295 1122 ut
328 1091 433 1121 casu
461 1077 602 1131 magis
634 1088 766 1134 quam
794 1074 1020 1119 voluntate
1049 1090 1137 1120 non
1166 1076 1299 1121 nullis
1328 1077 1454 1123 libris
1485 1081 1595 1125 nihil

152 1163 413 1219 usurpatum
445 1172 540 1203 esse
573 1156 868 1213 colligerimus
898 1157 983 1201 nisi
1014 1172 1165 1202 vocem
1197 1159 1320 1203 coeli.
1373 1160 1493 1206 haud
1523 1177 1591 1207 se—

150 1257 228 1289 cus
260 1243 298 1286 si
329 1254 440 1300 quae
471 1240 530 1300 sit
557 1238 782 1283 hominum
811 1238 991 1283 miseria
1022 1239 1365 1294 consideramus,
1398 1243 1445 1287 id
1476 1239 1593 1301 quod

151 1325 352 1369 volumus
393 1321 714 1366 consectarium
756 1324 846 1374 est;
892 1321 990 1364 aliis
1023 1322 1138 1364 enim
1168 1322 1294 1366 libris
1326 1336 1423 1367 eam
1453 1327 1592 1370 maio-

148 1420 244 1452 rem
275 1418 394 1458 esse‚
426 1404 525 1448 aliis
556 1403 770 1446 minorem
802 1402 942 1446 evinci
973 1415 1060 1446 non
1090 1408 1249 1460 potest.
1308 1406 1429 1449 notio
1471 1407 1591 1451 deni-

149 1500 233 1546 que
272 1487 400 1529 unius
432 1485 526 1538 dei,
567 1483 761 1542 epitheta
800 1495 852 1526 ac
882 1483 1061 1527 nomina
1104 1484 1307 1536 deorum,
1351 1485 1589 1544 hominum,

148 1568 287 1621 Jovis,
318 1569 364 1611 in
395 1566 580 1610 diversis
621 1564 745 1608 libris
777 1578 863 1608 non
897 1565 960 1608 ita
992 1565 1172 1610 diversa
1210 1569 1332 1619 sunt,
1378 1572 1428 1612 ut
1458 1583 1532 1613 eos
1564 1584 1591 1614 a

147 1649 335 1694 diversis
377 1648 518 1704 poetis
572 1645 824 1702 conpositos
866 1658 961 1688 esse
1012 1649 1273 1690 statuamus.
1338 1661 1589 1707 quanquam

147 1731 264 1775 enim
293 1743 378 1773 uno
410 1731 580 1772 tantum
611 1726 713 1770 libri
744 1726 884 1783 quinti
902 1725 997 1770 loco
1021 1727 1092 1770 dei
1111 1726 1342 1785 pluraliter
1371 1731 1588 1776 inducun-

146 1816 243 1864 tur,
274 1812 339 1855 ita
369 1814 417 1853 ut
448 1810 549 1853 inde
580 1808 693 1852 hunc
716 1808 879 1851 librum
909 1809 1053 1851 minus
1083 1809 1280 1865 perfecta
1311 1814 1455 1856 aetate
1487 1827 1588 1858 con-

146 1894 340 1951 positum
383 1904 478 1934 esse
519 1891 576 1932 sit
618 1890 692 1945 qui
723 1889 936 1938 coniciat,
979 1892 1127 1932 tamen
1167 1891 1358 1946 primum
1388 1894 1446 1936 ad
1476 1894 1590 1938 hanc

146 1987 238 2017 rem
269 1973 386 2016 idem
424 1971 637 2028 pertinet,
687 1969 803 2025 quod
835 1982 968 2026 supra
1000 1970 1054 2013 de
1084 1968 1208 2013 Jovis
1240 1971 1343 2015 sede
1374 1973 1587 2027 diximus;

145 2054 226 2097 hoc
264 2054 399 2108 igitur
443 2051 585 2094 solum
626 2048 797 2093 efficere
838 2062 925 2092 non
966 2052 1133 2106 potest,
1181 2053 1231 2093 ut
1260 2050 1392 2095 aliter
1421 2053 1475 2097 de
1505 2054 1589 2099 hoc

143 2134 255 2179 libro
286 2134 541 2178 iudicemus.
589 2131 746 2175 deinde
777 2130 972 2173 homines
1002 2131 1210 2174 mortales
1242 2145 1353 2186 esse,
1385 2134 1490 2178 deos
1521 2137 1588 2179 in-

144 2216 354 2261 mortales
384 2220 451 2259 tot
479 2214 587 2258 locis
618 2213 879 2264 invenimus,
912 2216 958 2256 ut
986 2212 1101 2256 hunc
1130 2212 1290 2257 librum
1323 2229 1410 2259 non
1437 2217 1585 2274 inper-

142 2298 339 2341 fectioris
370 2309 466 2340 esse
497 2295 656 2338 aetatis
687 2298 836 2338 nostro
869 2293 964 2337 iure
982 2293 1308 2338 concludamus.
1356 2294 1479 2340 Jovis
1512 2300 1585 2342 de-

141 2378 272 2435 nique
314 2377 456 2421 solum
487 2389 645 2419 nomen
675 2375 792 2432 quod
823 2378 890 2417 est
921 2369 1023 2427 Ζεύς
1060 2376 1210 2418 novies
1240 2375 1424 2430 legitur,
1468 2381 1587 2435 quod

140 2470 281 2515 aeque
313 2457 577 2501 sententiam
607 2459 803 2500 nostram
834 2453 992 2499 fulcire
1022 2456 1206 2500 videtur.

252 2588 313 2630 At
342 2586 479 2629 multo
522 2586 664 2639 magis
707 2580 987 2627 consideratu
1032 2588 1134 2627 sunt
1163 2584 1297 2639 digna
1327 2598 1439 2643 quae
1468 2586 1582 2631 libro

140 2670 294 2710 octavo
337 2667 556 2711 dicuntur.
619 2665 689 2708 hic
720 2665 836 2707 enim
876 2667 1053 2721 quater,
1102 2665 1301 2722 quotiens
1342 2665 1462 2710 nullo
1495 2667 1582 2711 alio
