1771 3010
757 175 807 181 ...-
904 161 927 190 ζ]
1022 173 1070 181 ..,,

115 276 123 281 ”
177 270 249 311 tur
282 279 337 310 ne
366 267 452 309 iste
485 266 532 308 in
563 265 755 323 patriam
786 265 962 317 redeat;
1007 265 1044 307 si
1078 276 1178 306 vero
1222 262 1305 305 hoe
1349 262 1531 305 deorum
1562 275 1637 304 vo-

175 347 347 391 luntate
379 346 651 391 destinatum
682 347 766 395 sit,
798 344 930 400 longo
964 343 1121 389 saltem
1153 347 1352 402 tempore
1384 342 1634 386 intermisso

173 427 328 472 redeat
369 427 575 487 domique
624 417 861 472 fortunam*
890 426 1090 470 inveniat
1122 425 1362 471 adflictam.
1413 424 1532 483 quod
1560 422 1637 466 ille

171 508 323 561 audit3
368 523 509 567 neque
541 510 688 553 minus
720 508 929 566 <Iuppiter
960 508 1106 550 animo
1139 510 1351 564 reputans
1384 519 1469 563 quo
1501 505 1633 549 modo

171 593 215 634 et
235 603 372 634 naves
404 595 448 634 et
478 591 623 634 socios
656 591 815 648 perdat
849 603 875 632 a
906 589 1122 633 sacrificio
1156 588 1243 632 sibi
1265 587 1413 632 oblato
1438 601 1484 631 se
1506 599 1633 631 aver-

167 670 246 735 tit..
269 671 439 716 decimo
476 671 636 715 deinde
667 670 780 715 libro
812 670 966 715 Ulixes
999 671 1044 714 in
1076 668 1204 713 Aeoli
1233 669 1426 713 insulam
1458 669 1629 725 egredi-

166 754 251 796 tur.
297 766 324 796 a
354 766 441 810 quo
485 751 671 808 benigne
716 756 927 811 exceptus
969 756 1012 795 et
1053 755 1150 796 utre
1191 751 1405 804 donatus,
1453 751 1500 794 in
1543 764 1627 809 quo

162 846 317 877 omnes
351 834 470 877 venti
503 833 679 877 adversi
709 832 871 877 inclusi
903 837 1027 886 sunt,
1071 834 1128 876 ad
1161 833 1354 890 patriam
1386 833 1627 889 adpropin-

165 918 294 972 quat;
343 915 419 958 sed
452 915 556 957 dum
590 915 770 964 dormit,
819 915 1040 958 sociorum
1082 913 1340 957 curiositate
1370 913 1419 956 fit
1449 917 1497 956 ut
1531 917 1626 956 utre

161 994 389 1052 patefacto
433 995 552 1038 venti
593 994 823 1039 solvantur
865 996 1038 1053 ipsique
1070 995 1127 1038 ad
1157 993 1346 1038 Aeolum
1377 1007 1526 1049 regem
1556 1006 1625 1036 re-

161 1072 398 1134 pellantur.
441 1077 516 1134 qui
540 1090 594 1120 ne
610 1075 761 1121 Ulixes
789 1077 837 1120 in
868 1076 1051 1120 deorum
1082 1077 1140 1120 sit
1169 1076 1270 1120 odio
1301 1078 1500 1119 metuens
1531 1079 1625 1119 sta-

160 1157 240 1202 tim
272 1170 371 1201 eum
402 1157 448 1200 in
479 1170 601 1201 mare
633 1158 848 1210 remittit,
874 1158 940 1201 ita
970 1161 1020 1201 ut
1052 1157 1109 1200 ad
1140 1156 1469 1214 Laestrygones
1502 1156 1622 1200 defe-

157 1242 294 1290 ratur,
328 1238 403 1295 qui
435 1238 639 1282 undecim
669 1252 805 1282 naves
838 1239 960 1282 saxis
995 1238 1295 1289 contundunt,
1331 1241 1375 1280 et
1404 1250 1494 1281 una
1524 1241 1621 1281 tan-

156 1323 249 1362 tum
282 1322 460 1363 servata
493 1320 550 1363 ad
582 1320 800 1371 Aeaeam,
834 1319 981 1364 Circes
1016 1319 1233 1363 veneficae
1264 1317 1483 1370 insulam,
1515 1331 1615 1361 eva-

157 1399 247 1442 dat.
281 1399 359 1442 sed
391 1403 561 1443 tantum
597 1399 723 1444 abest
753 1403 802 1443 ut
831 1399 902 1444 hic
934 1401 993 1443 sit
1026 1400 1125 1443 finis
1156 1398 1388 1450 malorum,
1420 1402 1470 1442 ut
1492 1398 1619 1442 dimi-

152 1479 227 1523 dia
267 1480 488 1524 sociorum
521 1494 624 1538 pars
666 1481 713 1525 in
738 1495 844 1536 ‘sues
885 1485 1094 1525 mutetur.
1137 1483 1181 1524 et
1212 1488 1467 1539 quanquam
1498 1478 1616 1524 Mer-

153 1560 247 1624 curi
279 1560 446 1604 auxilio
481 1561 669 1605 efficitur
700 1565 749 1605 ut
780 1565 824 1605 et
856 1563 952 1619 ipse
983 1564 1184 1606 servetur
1215 1565 1258 1604 et
1290 1561 1426 1605 ceteri
1451 1562 1497 1604 in
1524 1561 1614 1618 pri-

149 1641 315 1685 stinam
339 1642 501 1685 facien]
544 1645 848 1694 revertantur,
897 1646 1044 1686 tamen
1076 1655 1156 1699 per
1186 1644 1328 1685 totum
1360 1654 1523 1684 annum
1554 1641 1611 1685 ab

148 1719 228 1764 illa
253 1725 454 1765 retentus
489 1723 547 1765 ad
578 1723 745 1767 inferos
777 1722 953 1766 iubetur
985 1722 1276 1774 descendere,
1307 1721 1384 1765 ubi
1414 1721 1610 1765 Tiresiae

145 1800 304 1845 umbra
337 1803 376 1844 ei
410 1816 493 1859 quo
525 1803 657 1846 modo
705 1804 883 1846 domum
931 1803 1163 1859 perveniat
1193 1803 1469 1846 vaticinetur.
1515 1803 1611 1859 qui-

147 1881 229 1927 bus
262 1883 439 1940 quidem
470 1882 602 1928 rebus
635 1883 842 1941 perfectis
875 1886 1025 1927 tamen
1054 1882 1184 1939 longe
1215 1883 1375 1927 summi
1398 1884 1610 1928 momenti

85 2005 86 2008 ,
147 1967 251 2007 sunt
281 1976 348 2014 ea,
380 1976 492 2020 quae
525 1977 552 2007 a
583 1964 779 2008 venefica
808 1965 907 2021 ipsa
936 1966 983 2008 in
1012 1964 1126 2008 libro
1157 1964 1414 2008 duodecimo
1449 1954 1611 2019 cogno·

144 2044 243 2088 scit.
293 2048 473 2106 caveat,
528 2045 692 2102 inquit,
739 2058 793 2088 ne
842 2046 947 2102 quid
994 2045 1251 2090 detrimenti
1293 2058 1319 2089 a
1361 2044 1606 2098 Sirenibus,

144 2122 318 2182 Scylla,
350 2124 573 2182 Charybdi
604 2125 798 2184 accipiat
828 2138 938 2169 neve
971 2126 1077 2183 quid
1106 2126 1225 2183 inpie
1255 2125 1527 2183 nefarieque,
1559 2126 1605 2169 id

142 2205 259 2265 quod
291 2205 382 2249 iam
413 2205 606 2250 Tiresias
649 2211 905 2258 monuerat,
953 2208 1000 2250 in
1032 2206 1146 2251 Solis
1187 2206 1322 2251 boves
1355 2207 1603 2252 conmittat.

140 2289 189 2330 at
218 2286 311 2329 fieri
343 2300 431 2329 non
474 2291 621 2344 potest
665 2288 769 2345 quin
801 2292 845 2332 et
876 2287 1073 2345 Scyllam
1114 2287 1456 2346 praetervehens
1499 2302 1602 2343 gra-

138 2380 237 2410 vem
267 2367 488 2411 iacturam
518 2368 679 2420 faciat,
713 2372 777 2420 et,
809 2373 858 2412 ut
889 2381 1026 2412 naves
1058 2369 1115 2411 ad
1147 2368 1264 2413 Solis
1295 2369 1487 2413 insulam
1520 2371 1599 2413 ad-

137 2447 290 2506 plicat,
323 2461 350 2491 a
371 2449 505 2493 sociis
528 2452 725 2504 cogatur.
773 2450 847 2507 qui
881 2450 1084 2507 quamvis
1119 2452 1271 2493 sancte
1290 2449 1384 2493 iure
1410 2451 1597 2494 iurando

138 2528 345 2574 adstricti
386 2529 496 2580 sint,
542 2527 743 2588 quamvis
785 2530 1014 2586 religiose,
1057 2531 1161 2574 dum
1204 2531 1372 2575 cibaria
1402 2544 1491 2575 non
1522 2531 1599 2575 de·

135 2613 250 2662 sunt,
283 2609 422 2655 bobus
454 2624 501 2656 se
533 2605 812 2661 abstineant,
857 2615 1009 2656 tamen
1040 2613 1240 2657 adversis
1271 2614 1413 2657 ventis
1447 2614 1521 2657 diu
1551 2614 1599 2656 in

133 2689 280 2733 insula
320 2692 480 2735 retenti
512 2696 555 2735 et
588 2693 769 2736 adducti
816 2693 873 2735 ad
916 2692 1116 2737 ultimam
1160 2693 1357 2738 ciborum
1399 2694 1596 2750 inopiam
