1771 3010
717 226 771 233 ..-.
861 202 915 243 55
1007 226 1062 232 ..-

171 320 235 362 ita
265 320 314 360 ut
343 315 540 373 paullum
570 315 747 359 differat
778 330 805 359 a
834 316 979 360 verbis
1012 329 1121 373 quae
1151 322 1254 360 sunt
1283 315 1416 375 μόρος
1446 331 1477 356 π
1508 314 1603 356 421.

169 414 199 442 τ
230 396 326 440 145.
375 413 399 439 υ
430 395 528 440 241.
579 397 664 455 κὴρ
710 412 731 440 ο
765 394 880 455 [235]
922 395 1020 439 275.
1073 414 1106 441 π
1138 396 1233 440 169.
1280 413 1302 457 ρ
1332 395 1402 439 82.
1449 409 1474 437 σ
1508 393 1606 437 155.

167 479 206 519 ’χ
240 477 307 521 14.
338 477 439 520 330.
470 475 570 520 363.
601 476 699 520 382.
745 496 776 520 ω
812 476 908 520 127.
942 478 1043 522 414.
1094 481 1221 538 κῆρες
1251 475 1279 532 ξ
1307 477 1406 521 207.
1454 495 1475 537 ρ
1508 476 1606 520 547.

167 576 196 603 τ
226 558 324 602 558.
356 577 395 617 χ
426 557 493 600 66.
529 558 573 615 ψ
602 557 702 601 332.
746 573 878 617 quam
916 574 1003 603 non
1043 562 1190 603 autem
1229 558 1337 603 haec
1365 572 1483 603 mors
1514 558 1607 602 deis

166 641 316 684 invitis
347 641 406 684 sit
435 641 659 685 destinata
688 641 877 685 efficitur
907 640 1106 685 versibus
1136 657 1175 699 χ
1205 638 1306 684 413.

223 717 384 765 τούσδε
420 721 465 764 δὲ
494 723 615 781 μοῖρ’
648 720 871 781 ἐδάμασσε
902 724 1020 766 θεῶν
1052 720 1128 765 καὶ
1161 720 1360 780 σχέτλια
1393 719 1501 781 ἔργα

166 820 190 845 υ
223 803 277 845 75
308 815 372 859 sq.

221 882 257 936 ἐς
287 883 376 925 Δία
412 883 761 944 τερπικέραυνον
793 882 839 942 (ὃ
870 884 957 945 γὰρ
987 884 1028 928 τ’
1060 877 1109 928 εὖ
1142 880 1258 928 οἶδεν
1291 881 1476 927 ἅπαντα

219 961 382 1024 μοῖράν
413 964 453 1008 τ’
481 963 706 1025 α’μμορίην
724 968 758 1021 ¹)
789 984 841 1011 τε
874 967 1181 1025 καταθνητῶν
1216 963 1502 1025 ἀνθρώπων).

161 1059 250 1089 11011
290 1045 380 1089 alia
420 1046 608 1104 deanue
656 1048 874 1091 sententia
916 1061 1001 1092 vox
1043 1060 1154 1105 quae
1195 1050 1263 1090 est
1303 1042 1411 1089 αἶσα
1443 1046 1602 1090 dieitur

163 1143 183 1169 ν
213 1125 314 1171 306.
347 1124 376 1182 ξ
406 1126 504 1171 359.
533 1143 554 1170 ο
587 1126 684 1170 276.
718 1145 747 1172 τ
778 1126 875 1172 259.
909 1128 953 1187 ψ
984 1128 1082 1173 315.

272 1209 374 1252 Jam
406 1223 508 1260 vero
547 1210 630 1254 hae
660 1210 882 1267 Odysseae
922 1214 1050 1268 parte
1085 1224 1173 1254 non
1210 1210 1341 1267 pauci
1372 1210 1602 1253 inveniun-

160 1293 232 1333 tur
261 1289 363 1342 loci,
397 1290 552 1347 quibus
583 1292 711 1334 unius
743 1291 814 1334 dei
843 1291 971 1335 notio·
994 1292 1192 1349 adparet.
1224 1289 1455 1348 pluraliter
1484 1290 1600 1332 enim

158 1370 424 1414 inducuntur
455 1372 525 1414 dei
557 1368 586 1426 ξ
609 1370 664 1414 39
684 1372 735 1429 2).
766 1371 838 1414 61.
870 1371 943 1415 83.
976 1372 1073 1415 175.
1111 1371 1205 1415 198.
1239 1370 1337 1414 251.
1368 1370 1466 1413 348.
1497 1369 1595 1413 357.

158 1449 255 1493 394.
288 1449 387 1494 446.
435 1468 455 1493 0
488 1450 557 1493 26.
595 1451 691 1496 173.
725 1451 823 1495 372.
872 1470 905 1495 π
937 1452 1035 1495 130.
1077 1452 1174 1495 232.
1216 1450 1315 1494 364,
1358 1450 1455 1493 402.
1496 1450 1596 1494 405.

159 1548 179 1591 ρ
213 1531 312 1574 119.
347 1532 441 1576 149.
475 1532 572 1577 271.
618 1532 716 1576 475.
747 1532 895 1591 518³).
936 1534 1034 1577 601.
1069 1548 1094 1576 σ
1120 1531 1189 1577 19.
1226 1532 1319 1576 133.
1365 1531 1458 1576 142.
1502 1532 1596 1575 176.

157 1613 252 1657 180.
293 1612 393 1657 252.
438 1612 537 1657 425.
585 1631 614 1658 τ
646 1614 743 1658 125.
784 1614 883 1657 502.
930 1614 1027 1659 593.
1070 1633 1093 1658 υ
1125 1614 1213 1671 [67.
1246 1614 1333 1674 79.]
1370 1613 1462 1657 169.
1497 1612 1594 1656 195.

155 1694 257 1738 215.
300 1697 337 1749 φ
372 1695 460 1753 [28]
494 1695 592 1738 279.
634 1714 673 1753 χ
702 1696 773 1739 39.
806 1696 904 1739 288.
944 1695 1043 1740 413.
1086 1697 1131 1753 ψ
1163 1695 1231 1739 11.
1260 1695 1330 1738 81.
1367 1695 1463 1737 167.
1495 1695 1593 1737 210.

154 1773 252 1818 258.
285 1774 383 1819 286.
419 1794 451 1818 ω
483 1775 550 1820 85.
584 1775 652 1820 92.
689 1776 785 1819 198.
817 1776 917 1820 401.
949 1776 1048 1819 402.
1081 1776 1181 1820 444.
1211 1776 1321 1830 514;
1360 1776 1595 1832 singulari-

152 1860 270 1918 terv
302 1857 400 1901 317.
444 1854 473 1912 ξ
501 1857 570 1902 65.
603 1856 671 1901 89.
713 1857 814 1901 242.
853 1858 951 1902 309.
986 1857 1084 1902 444.
1132 1875 1153 1901 ο
1188 1857 1282 1901 168.
1316 1856 1415 1901 531.
1463 1875 1495 1900 π
1525 1856 1594 1899 96.

155 1954 175 1995 ρ
207 1936 306 1981 218.
337 1936 436 1980 399.
479 1954 504 1981 σ
527 1937 597 1984 37.
629 1938 729 1985 265.
770 1957 798 1983 τ
829 1939 928 1983 485.
959 1940 1060 1983 488.
1086 1939 1185 1982 496.
1232 1957 1255 1981 υ
1288 1938 1386 1981 344.
1422 1939 1459 1993 φ
1493 1937 1590 1981 213.

241 2135 277 2172 l)
303 2134 413 2169 schol.
438 2135 480 2169 B.
506 2134 693 2185 εὐμοιρίαν
730 2136 790 2171 καὶ
818 2136 1073 2185 κακομοιριάν.
1100 2135 1177 2170 vide
1197 2134 1357 2170 W'elcker
1395 2134 1457 2169 Gr.
1481 2135 1589 2168 Goel-

149 2203 228 2236 terl.
253 2204 277 2237 1.
304 2215 339 2248 p.
359 2204 436 2238 176.
494 2204 662 2248 Nagelsb.
686 2205 710 2238 1.
740 2206 763 2239 1.
790 2217 824 2250 p.
853 2205 932 2240 124.
970 2208 1091 2240 contra
1129 2205 1293 2239 Doederl.
1332 2202 1452 2237 Gloss.
1487 2204 1588 2236 Hom.

148 2269 170 2314 §
194 2270 275 2306 582.
325 2272 459 2307 Ameis.
484 2272 527 2307 ad
552 2273 588 2309 h.
609 2273 633 2307 1.
660 2276 696 2308 at
721 2274 828 2309 verba
854 2277 936 2308 sunt
958 2274 1138 2319 inusitata,
1165 2274 1212 2308 ita
1233 2275 1272 2307 ut
1285 2270 1484 2307 Kirchhoffi
1508 2281 1588 2305 sen-

145 2341 253 2374 tentia
282 2341 358 2385 (die
383 2343 478 2377 hom.
500 2342 625 2386 Odyss.
652 2354 686 2388 p.
700 2343 778 2376 XIV
802 2354 835 2376 n.
853 2343 909 2378 32.
959 2344 1003 2377 cf.
1025 2344 1162 2377 Becker
1186 2342 1303 2376 sched.
1323 2342 1425 2375 Hom.
1452 2352 1484 2385 p.
1502 2341 1585 2384 125)

146 2416 210 2451 qua
236 2409 374 2445 66-82
399 2411 541 2456 spurios
566 2421 642 2445 esse
668 2411 861 2445 arbitratur
885 2411 1066 2455 probanda
1092 2412 1149 2445 sit.

234 2477 274 2522 2)
304 2483 448 2523 praeter
481 2490 519 2514 ea
546 2496 562 2515 ν
590 2480 656 2515 321
692 2490 826 2524 quoque
864 2480 1011 2523 legimus
1048 2480 1190 2513 verbum
1226 2478 1315 2522 quod
1340 2481 1393 2512 est
1418 2478 1509 2514 θεοί.
1550 2481 1584 2511 at

142 2544 326 2583 320—323
352 2559 371 2582 a
394 2547 558 2593 plurimis
583 2548 776 2583 editoribus
811 2550 1036 2582 removentur
1073 2546 1136 2592 (cf.
1165 2546 1360 2581 Kirchhoff.
1390 2547 1412 2580 1.
1439 2547 1463 2581 l.
1490 2546 1583 2582 XVII

142 2623 175 2648 n.
200 2614 253 2660 6).

230 2683 271 2730 3)
299 2696 385 2731 quae
421 2687 526 2721 verba
553 2688 608 2721 hic
646 2687 827 2731 leguntur:
873 2690 965 2723 Θεῶν
995 2683 1055 2727 ἐξ,
1096 2683 1213 2720 schol.
1242 2684 1282 2719 H.
1314 2686 1444 2730 optime
1473 2689 1579 2720 mict-

141 2756 320 2794 pretatur:
346 2757 603 2798 θεόπνευστος.
