1771 3010
738 214 791 220 -
883 189 939 231 30
1041 217 1084 221 s.-

172 312 244 351 die
265 307 517 362 Gottheit¹).
551 319 692 362 neque
723 319 827 350 vero
859 303 1180 362 neglegendum
1203 312 1286 357 est,
1316 308 1363 351 id
1387 309 1503 366 quod
1519 308 1634 353 Nae-

170 387 452 444 gelsbachius
484 400 527 445 p.
562 385 618 429 74
649 389 880 443 cognovit,
922 388 1039 433 hanc
1072 400 1224 431 vocem
1259 369 1514 446 quanquam
1542 403 1633 435 non

166 483 357 527 semper,
388 473 539 513 tamen
572 469 835 526 saepissime
866 473 960 513 tum
992 469 1213 527 usurpari,
1245 482 1345 513 cum
1377 469 1629 516 hominibus

164 550 333 595 malum
365 551 589 610 quoddam
633 551 847 608 inpendet
863 550 910 603 2).
973 550 1135 607 legitur
1165 554 1314 595 autem
1347 568 1366 594 ε
1394 550 1494 595 396.
1530 552 1628 597 421.

165 631 207 691 ζ.
242 632 339 675 172.
375 650 398 691 η
432 632 531 676 248.
568 650 579 674 ι
612 631 714 675 381.
749 648 775 673 κ
808 631 878 675 64.
911 630 941 674 λ
974 632 1042 676 61.
1078 631 1209 692 [587]
1240 650 1286 693 μ,
1322 632 1418 676 169.
1442 632 1589 685 2953).

280 714 369 758 Sed
408 715 669 772 priusquam
711 714 812 758 huic
855 705 1127 772 quaestionis
1168 715 1288 772 parti
1328 715 1460 758 finem
1498 716 1626 774 inpo-

158 809 318 840 namus
359 800 503 840 restat
532 800 582 840 ut
626 809 731 839 num
762 796 971 854 Juppiter
1011 795 1076 839 illi
1107 797 1171 840 rei
1202 796 1396 841 adfuerit
1439 810 1625 855 quaera-

157 892 270 931 mus,
303 892 415 935 quae
434 878 548 922 libro
572 882 730 922 octavo
764 877 1043 922 describitur.
1077 878 1194 937 quod
1213 878 1392 936 quidem
1423 879 1625 924 conicere

155 973 393 1017 possumus
424 960 621 1016 legentes
652 974 722 1004 vv.
753 959 839 1005 305
870 973 966 1017 sqq.

244 1052 525 1113 σμερδαλέον
561 1052 763 1112 δ’ἑβοήσε
796 1045 966 1110 γέγιυνέἶζ
998 1069 1050 1096 τε
1082 1055 1191 1096 πᾶσι
1224 1053 1412 1095 θεοῖσιν.

242 1134 339 1186 ,Ζεῦ
372 1132 518 1193 πάτερ
551 1134 620 1191 ἠδ’
652 1131 792 1176 ἄλλοι
824 1133 1026 1193 μάκαρες
1058 1130 1158 1175 θεοὶ
1193 1132 1287 1174 αἰὲν
1320 1131 1466 1185 ἐόντες

240 1214 380 1264 δεῦθ’,
415 1214 486 1258 ἵνα
520 1212 629 1276 ’ἔργα
660 1212 870 1273 γελαστὰ
903 1211 978 1257 καὶ
1012 1208 1096 1258 οὐκ
1130 1211 1337 1258 ἐπιεικτὰ
1370 1211 1555 1274 ἴδησθε]

150 1327 194 1362 at
228 1321 344 1373 inde,
378 1321 496 1376 quod
527 1319 613 1362 322
646 1334 711 1377 sq.
744 1320 790 1362 in
821 1333 1003 1362 numero
1050 1333 1225 1366 eorum,
1258 1319 1332 1376 qui
1364 1320 1421 1363 ad
1453 1320 1615 1364 Vulca-

149 1416 251 1444 num
288 1406 612 1450 convenerunt,
652 1415 739 1444 non
771 1405 1061 1444 numerantur
1091 1401 1176 1443 nisi
1209 1400 1464 1457 Neptunus,
1496 1400 1613 1445 Mer-

147 1483 312 1533 curius,
342 1480 528 1539 Apollo;
561 1482 678 1538 quod
710 1481 948 1534 Vulcanus,
981 1494 1237 1538 quanquam
1266 1479 1352 1522 324
1393 1481 1500 1524 deas
1531 1495 1613 1539 pu-

147 1563 253 1605 dore
284 1567 511 1618 permotas
544 1563 664 1605 domi
695 1563 913 1605 mansisse
944 1562 1147 1615 legimus,
1178 1567 1329 1605 tamen
1357 1563 1441 1605 341
1475 1563 1584 1606 dicit

322 1637 446 1703 ὑμεῖς
478 1640 512 1684 δ’
546 1639 785 1702 εἰσορόῳτε
818 1639 918 1685 ,9εοῖ
952 1642 1098 1685 πᾶσαί
1128 1658 1180 1686 τε
1212 1641 1411 1690 θέαιναι,

144 1726 261 1781 quod
286 1725 473 1781 denique
499 1724 706 1780 Juppiter
737 1737 954 1780 nusquam
988 1728 1066 1767 aut
1097 1724 1373 1780 conprobans
1396 1728 1474 1768 aut
1491 1725 1608 1768 vitu-

140 1818 305 1862 perans
348 1805 561 1862 adparet,
604 1808 754 1848 nostro
797 1805 891 1848 iure
939 1803 1243 1848 concludimus
1274 1818 1448 1848 versum
1481 1804 1607 1849 illum

139 1883 225 1927 305
269 1899 357 1928 non
398 1887 544 1928 minus
585 1884 802 1928 formulae
844 1898 958 1941 quae
1003 1885 1165 1928 dicitur
1213 1884 1360 1928 locum
1406 1885 1605 1930 obtinere

232 2060 270 2103 1)
299 2059 378 2094 vide
407 2059 449 2095 Ο.
478 2059 642 2095 Mueller.
668 2059 939 2104 Proleyomena
975 2060 1078 2093 einer
1101 2057 1484 2104 wissenschaftliphen
1518 2058 1602 2105 My-

133 2129 308 2174 tholoyie.
330 2139 369 2173 p.
387 2129 466 2166 245.

225 2198 264 2237 2)
291 2209 368 2232 cum
405 2197 472 2232 alia
498 2202 572 2232 tum
598 2199 665 2232 hoc
692 2198 838 2232 verbum
863 2197 905 2232 ad
932 2198 981 2240 id,
1010 2198 1101 2243 quod
1127 2201 1181 2232 est
1204 2199 1291 2240 θεός
1317 2197 1461 2232 eandem
1487 2199 1600 2233 ratio-

130 2277 209 2300 nem
236 2267 389 2312 habere,
429 2278 532 2312 quam
558 2278 684 2301 numen
720 2267 762 2302 ad
797 2277 985 2313 personam
1022 2266 1177 2301 divinam
1211 2267 1375 2302 adferunt
1410 2267 1599 2312 Naegelsb.

130 2335 154 2369 l.
183 2334 207 2369 1.
238 2347 271 2381 p.
286 2337 343 2372 72.
386 2337 543 2371 Nitzsch.
581 2336 623 2371 ad
652 2336 779 2380 Odyss.
808 2337 836 2370 Ι.
870 2347 908 2381 p.
929 2337 987 2371 89.
1025 2337 1054 2371 11
1082 2347 1115 2381 p.
1132 2336 1189 2372 64.
1217 2337 1273 2370 111
1299 2347 1333 2382 p.
1361 2336 1442 2373 391.
1479 2338 1598 2373 Lehrs

128 2403 260 2450 Popul.
287 2405 391 2440 Aufs.
418 2416 453 2450 p.
482 2405 561 2442 125.

222 2474 265 2519 3)
294 2474 334 2510 Si
360 2476 452 2508 hunc
478 2485 619 2508 versum
645 2485 723 2509 cum
751 2490 760 2509 ι
786 2474 856 2509 554
881 2483 1127 2519 conparamus,
1154 2485 1221 2520 quo
1247 2475 1289 2510 de
1315 2474 1404 2510 Jove
1430 2474 1562 2508 dicitur

337 2541 423 2579 ἀλλ’
451 2538 469 2580 δ’
495 2557 541 2592 ’γε
566 2541 792 2593 μερμῆριζεν
822 2536 919 2586 δἐι-ως
947 2543 1153 2581 ἀπολοίατο
1180 2545 1301 2580 πᾶσαι

335 2616 414 2657 νῆες
440 2611 646 2660 ἐύσσελμοι
672 2612 733 2648 καὶ
762 2612 845 2659 ἐμοὶ
873 2612 1014 2663 ἐρίηρες
1042 2611 1181 2664 ἑταῖροι

126 2681 345 2726 coniectura,
372 2692 441 2728 qua
470 2693 549 2718 eum
574 2693 645 2718 non
678 2685 750 2719 tam
776 2685 911 2719 certum
938 2681 1062 2729 deum,
1088 2693 1191 2730 quam
1215 2693 1344 2719 numen
1369 2681 1529 2720 divinum
1556 2682 1594 2719 in

127 2751 567 2796 universumsssignificare
592 2756 768 2798 putamus,
796 2764 865 2788 non
892 2754 984 2789 omni
1013 2764 1135 2788 carere
1161 2753 1304 2788 videtur
1326 2753 1592 2798 probabilitate.
