1771 3010
717 189 768 196 -.-
866 166 910 208 11
1009 191 1062 197 ..-

157 298 254 330 eam
286 284 358 327 dei
398 283 551 326 odium
592 283 798 338 ignorare
829 281 1025 325 Jacobus
1069 294 1341 338 consequens
1384 294 1480 324 esse
1513 281 1619 332 vult,

158 374 214 416 ex
244 364 328 408 hoc
358 363 468 407 nihil
500 364 643 416 aliud,
686 363 772 406 nisi
798 363 955 407 Circen
995 363 1155 415 multa,
1200 376 1286 406 non
1327 362 1477 405 omnia
1509 362 1622 405 scire

159 444 458 501 colligendum
491 448 574 489 est.
606 445 684 489 sed
716 458 805 488 non
835 444 1033 488 futurum
1064 444 1202 487 fuisse
1233 448 1283 487 ut
1312 443 1470 487 ultima
1502 442 1621 486 cala-

157 527 314 571 mitate
348 527 648 580 adfligeretur,
681 525 767 568 nisi
799 526 908 569 socii
939 526 1050 583 inpii
1080 525 1271 569 fuissent
1302 525 1514 568 adversus
1543 523 1624 568 So-

159 608 248 653 lem
279 622 357 652 suo
387 608 482 652 iure
514 608 779 651 contendere
822 607 1006 651 videtur.
1053 607 1182 651 huius
1216 607 1332 650 enim
1365 607 1436 650 dei
1469 607 1621 650 odium

160 705 188 732 τ
220 691 307 733 275
339 689 394 733 ab
426 687 557 732 Ulixe
599 702 809 746 expresse
848 689 1112 746 proprieque
1153 692 1522 732 conmemoratur.
1577 692 1625 732 at

158 785 210 814 ea
239 773 341 828 ipsa
372 785 420 813 re
453 784 605 813 eorum
648 771 938 822 sententiam,
986 772 1060 827 qui
1092 771 1207 813 hunc
1247 770 1410 813 librum
1443 770 1497 812 ab
1533 770 1619 812 alio

159 855 312 909 poeta,
360 854 494 908 atque
526 864 553 894 a
585 864 670 908 quo
713 851 974 903 embolium,
1019 852 1299 909 conpositum
1341 863 1438 894 esse
1470 850 1625 893 volunt

159 931 341 989 probari
373 945 472 975 cum
503 933 593 976 iam
626 945 762 990 supra
802 933 1019 984 diximus,
1069 937 1164 976 tum
1196 947 1250 976 ne
1281 932 1406 976 illam
1446 932 1626 989 quidem

142 1012 262 1080 ,libri
294 1013 545 1057 duodecimi
577 1014 879 1057 narrationem
913 1028 1012 1057 cum
1044 1014 1201 1058 ceteris
1226 1013 1358 1057 rebus
1375 1026 1624 1070 repugnare

159 1094 357 1151 adparet.
404 1107 508 1137 nam
551 1107 651 1137 cum
680 1093 956 1151 Eurylochus
988 1100 1037 1138 ut
1063 1095 1120 1138 ad
1150 1094 1340 1138 insulam
1374 1107 1509 1137 naves
1542 1094 1621 1137 ad-

160 1174 331 1232 pellant
360 1175 569 1232 postulet,
600 1175 753 1219 Ulixes
780 1176 909 1219 deum
940 1176 1109 1220 malum
1141 1176 1364 1233 quoddam
1395 1174 1543 1218 moliri
1574 1187 1622 1218 se

162 1256 425 1312 cognovisse
458 1272 492 1316 μ
523 1256 610 1300 295
652 1255 782 1309 dicit3
833 1260 1013 1301 ventum
1059 1257 1315 1308 adversum,
1368 1256 1441 1313 qui
1472 1272 1505 1315 μ
1537 1255 1625 1300 325

160 1338 333 1394 inpedit
365 1351 449 1395 quo
475 1338 622 1380 minus
655 1337 830 1392 longius
862 1339 1173 1395 provehantur,
1208 1351 1314 1381 casu
1335 1338 1528 1394 quodam
1547 1350 1625 1380 ex-

162 1418 347 1462 citatum
377 1431 475 1462 esse
505 1417 625 1461 haud
656 1421 725 1462 est
754 1420 847 1461 veri
877 1419 1045 1470 simile;
1091 1432 1270 1462 somnus
1304 1418 1506 1475 denique,
1538 1432 1624 1474 quo

161 1497 313 1541 Ulixes
344 1515 378 1556 μ
409 1499 495 1542 338
543 1500 821 1554 consopitur,
868 1513 894 1541 a
925 1500 1020 1543 deis
1063 1513 1160 1543 esse
1206 1498 1382 1542 adlatus
1414 1511 1625 1555 expresse

162 1583 530 1623 conmemoratur.
575 1578 733 1636 quibus
765 1592 819 1622 ex
854 1580 986 1624 rebus
1020 1593 1274 1637 quanquam
1305 1593 1394 1622 non
1425 1581 1623 1623 futurum

159 1660 297 1704 fuisse
328 1660 640 1715 intelligimus,
686 1665 735 1703 ut
765 1674 901 1704 naves
932 1662 1160 1719 perderet,
1204 1661 1291 1704 nisi
1336 1660 1446 1703 socii
1477 1659 1623 1704 scelus

157 1742 204 1784 in
222 1741 371 1785 Solem
402 1742 727 1794 conmisissent,
759 1746 910 1786 tamen
942 1742 1024 1786 hoc
1057 1743 1200 1786 scelus
1233 1743 1381 1799 ipsum
1413 1755 1514 1785 cum
1545 1742 1623 1794 eis,

163 1835 276 1879 quae
309 1823 575 1866 antecedunt
608 1824 772 1879 optime
806 1823 1040 1868 cohaerere
1071 1823 1226 1878 negari
1257 1836 1345 1867 non
1375 1825 1536 1880 potest.

843 1964 869 2018 §
900 1963 940 2007 5.

279 2066 428 2123 Atque
460 2065 544 2109 hac
577 2066 756 2123 quidem
788 2067 1171 2122 argumentatione
1202 2070 1252 2111 ut
1281 2080 1309 2110 a
1331 2065 1502 2109 Jacobo
1536 2066 1627 2109 dis-

164 2148 502 2198 sentimussita
534 2147 732 2191 Nitzschi
764 2149 1031 2192 sententiam
1061 2148 1250 2205 probare
1283 2149 1497 2191 videmur.
1547 2147 1626 2190 sed

164 2242 217 2271 ne
250 2228 321 2272 hic
355 2229 534 2286 quidem
566 2229 769 2272 omnibus
803 2230 1004 2274 medetur
1046 2228 1397 2273 difficultatibus.
1449 2241 1555 2272 nam
1588 2228 1626 2271 si

163 2308 308 2353 Ulixis
342 2309 474 2368 culpa
504 2324 552 2354 re
585 2324 691 2354 vera
734 2311 864 2355 huius
905 2311 1063 2356 fuisset
1101 2311 1337 2363 momenti,
1383 2310 1508 2355 cuius
1552 2309 1629 2354 ille

164 2390 281 2444 vult,
329 2395 448 2435 certe
478 2396 663 2448 poetae,
697 2393 860 2450 quippe
896 2393 970 2450 qui
1001 2392 1101 2436 aliis
1131 2392 1243 2436 locis
1277 2405 1361 2450 quo
1393 2391 1524 2435 modo
1557 2404 1630 2434 res

94 2474 96 2478 '
164 2472 282 2516 inter
312 2485 360 2516 se
392 2472 652 2526 cohaerent,
699 2474 955 2518 adcuratius
989 2474 1238 2517 describere
1269 2487 1358 2517 non
1390 2473 1628 2523 omitteret,

163 2555 257 2596 tam
299 2551 441 2598 multa
485 2553 745 2610 cogitationi
792 2558 972 2599 nostrae
1017 2554 1273 2613 permittere
1317 2567 1406 2599 non
1450 2552 1628 2601 licebat.

164 2633 316 2691 itaque
348 2635 551 2691 quamvis
582 2635 836 2693 probabilia
865 2637 955 2680 sint
985 2650 1050 2690 ea,
1087 2650 1199 2693 quae
1231 2640 1387 2680 contra
1410 2634 1630 2679 ,Iacobum

167 2714 426 2769 adtulimus,
463 2719 613 2760 tamen
646 2731 734 2761 non
765 2717 860 2760 sine
892 2717 1011 2761 omni
1042 2716 1361 2775 probabilitate
1394 2715 1630 2761 contende-
