1771 3010
727 195 1072 237 „21-

175 312 468 362 antecedunt;
518 325 621 354 nam
652 314 864 357 memoria
894 327 1043 357 rerum
1072 310 1416 369 praeteritarum
1450 321 1630 364 prorsus

173 391 366 440 evanuit,
397 391 461 434 ita
493 396 540 436 ut
562 392 765 448 Minerva
784 392 944 437 Jovem
974 393 1136 451 prioris
1168 391 1371 449 conloqui
1404 389 1515 432 adeo
1547 401 1635 430 non

175 471 541 526 conmonefaciat,
574 477 623 517 ut
652 474 851 530 incipiat,
885 475 1011 530 quasi
1041 487 1266 530 nunquam
1299 473 1353 516 de
1372 470 1501 514 Ulixe
1533 482 1634 524 ege-

111 605 117 610 ,
168 553 281 606 rint;
313 566 393 598 nec
417 567 516 597 cum
547 555 635 607 eis,
668 567 780 611 quae
812 559 1034 607 secuntur,
1065 567 1170 597 nam
1193 554 1237 596 in
1259 565 1309 596 eo
1339 552 1490 595 insunt
1519 561 1632 607 quae

169 633 232 677 eis
266 638 529 691 repugnant.
587 635 791 691 quamvis
823 638 973 678 autem
1013 634 1146 677 facile
1185 633 1299 676 hanc
1343 632 1631 675 offensionem

168 727 323 759 versus
363 715 539 759 37-40
580 719 859 759 removentes
903 714 1059 759 tollere
1103 715 1351 772 possimus,
1400 718 1550 756 tamen
1582 716 1631 755 ut

164 794 246 839 hoc
278 795 512 839 concilium
546 809 677 852 quem
707 796 856 839 locum
887 809 1004 839 nunc
1035 795 1228 848 obtinet,
1277 808 1328 838 eo
1360 798 1479 837 recte
1510 793 1629 851 posi-

164 879 258 920 tum
288 880 510 934 putemus,
543 877 789 922 fierivnullo
823 882 952 935 pacto
986 881 1143 935 potest.
1187 877 1249 921 eis
1273 875 1391 921 enim
1408 873 1624 928 versibus,

163 958 239 1014 qui
272 970 410 1014 usque
453 958 510 1001 ad
546 959 726 1002 tertium
768 960 986 1002 decimum
1029 957 1190 1001 librum
1236 960 1467 1008 secuntur,
1515 955 1624 998 nihil

162 1038 248 1081 nisi
279 1039 471 1082 reditum
513 1040 586 1094 agi
617 1040 826 1096 adparet;
868 1053 1106 1097 procorum
1149 1042 1297 1082 autem
1339 1036 1623 1081 insolentiam

104 1163 116 1184 i
159 1118 430 1177 puniendam
474 1132 570 1163 esse
609 1119 731 1163 nullo
774 1119 871 1163 loco
903 1120 1091 1175 legimus
1110 1122 1156 1168 ¹).
1206 1117 1329 1177 atqui
1359 1119 1405 1161 in
1437 1117 1620 1161 deorum

158 1199 392 1257 conloquio
434 1201 603 1245 reditus
643 1216 731 1245 non
765 1201 902 1246 alium
945 1201 1079 1245 habet
1116 1200 1269 1253 finem,
1313 1201 1399 1244 nisi
1429 1203 1479 1243 ut
1508 1198 1618 1243 haec

155 1282 394 1325 insolentia
437 1284 669 1339 puniatur3
718 1283 788 1327 hic
829 1285 928 1326 finis
970 1284 1080 1327 adeo
1113 1286 1180 1326 est
1212 1282 1526 1337 gravissimus,
1569 1284 1618 1323 ut

155 1361 349 1420 Neptuni
381 1364 507 1415 iram,
541 1378 627 1421 qua
647 1364 692 1406 in
714 1364 857 1421 primo
889 1363 1004 1407 libro
1036 1363 1145 1407 nihil
1177 1367 1274 1406 erat
1304 1363 1488 1406 maioris
1520 1375 1613 1405 mo—

154 1444 305 1498 menti,
339 1448 382 1489 et
408 1443 616 1502 Juppiter
647 1448 690 1489 et
714 1444 916 1490 Minerva
945 1444 1076 1504 plane
1108 1444 1283 1488 silentio
1316 1446 1612 1502 praetereant.

152 1529 202 1568 ut
232 1538 336 1579 ergo
368 1524 479 1576 illud
511 1526 634 1582 prius
668 1526 924 1578 concil3um,
974 1540 1226 1583 quanquam
1261 1526 1302 1569 ei
1333 1525 1452 1583 parti
1483 1537 1612 1582 prae-

150 1606 344 1664 positum
376 1609 464 1657 est,
506 1620 592 1663 qua
625 1606 878 1651 Nitzschius
911 1621 1130 1651 summam
1161 1606 1361 1650 fabulam
1394 1605 1611 1650 contineri

150 1686 258 1736 vult,
290 1690 440 1730 tamen
472 1701 518 1729 re
550 1701 656 1730 vera
687 1687 849 1731 emboli
879 1687 1078 1731 fabulam
1107 1687 1301 1739 inchoat,
1333 1688 1397 1731 ita
1427 1686 1510 1729 hoc
1543 1685 1608 1729 al-

149 1772 293 1813 terum
339 1767 527 1812 embolio
577 1771 644 1813 est
682 1751 991 1829 praepositum
1028 1783 1170 1827 neque
1212 1768 1418 1824 coniungi
1462 1770 1610 1826 potest

146 1849 233 1902 nisi
266 1862 365 1893 cum
397 1848 539 1903 altera
569 1849 648 1893 illa
685 1863 823 1908 eaque
863 1851 1029 1894 maiore
1060 1853 1201 1909 parte.
1250 1854 1382 1907 atque
1413 1854 1462 1892 ut
1492 1850 1608 1892 inter

146 1943 193 1973 se
225 1931 314 1974 sint
346 1934 621 1987 permutata,
662 1931 709 1974 id
740 1932 856 1988 quod
898 1932 1089 1988 primum
1130 1932 1349 1983 conicias,
1392 1931 1487 1974 fieri
1518 1944 1607 1972 non

144 2014 303 2068 potest.
337 2024 441 2054 nam
473 2015 522 2055 ut
553 2015 787 2070 utrumque
818 2026 897 2070 per
921 2026 967 2056 se
999 2016 1247 2070 spectatum
1282 2012 1339 2055 ad
1372 2025 1470 2055 eam
1502 2024 1607 2069 par-

146 2094 238 2135 tem
270 2091 328 2134 sit
360 2094 527 2148 aptum,
560 2092 631 2135 cui
654 2093 699 2135 id
721 2093 1027 2150 praePositum
1060 2106 1156 2136 esse
1188 2093 1603 2144 demonstravimus,

142 2176 293 2219 tamen
339 2172 526 2217 alterum
559 2172 613 2217 ab
648 2173 786 2219 altero
832 2174 1093 2228 abhorrere,
1137 2175 1174 2219 si
1206 2173 1407 2230 singulae
1451 2177 1602 2231 partes

142 2256 404 2300 coniunctae
443 2259 569 2306 sunt,
615 2257 886 2311 argumentis
928 2258 1037 2300 satis
1079 2257 1278 2299 firmasse
1318 2254 1447 2298 nobis
1479 2255 1602 2297 vide-

140 2350 253 2379 mur.
314 2337 465 2393 itaque
497 2328 649 2380 ecrum
682 2338 902 2381 sententia
939 2337 1185 2395 probabilis
1219 2340 1309 2386 est,
1351 2336 1427 2393 qui
1459 2336 1600 2379 altero

141 2431 293 2461 eorum
325 2417 569 2474 principale
596 2431 648 2461 ac
675 2420 912 2473 genuinum
946 2419 1222 2476 prooemium
1254 2421 1479 2461 servatum
1504 2430 1601 2460 esse

138 2498 417 2551 existimant;
461 2498 544 2543 hoc
575 2503 723 2543 autem
758 2514 853 2543 esse
881 2500 1004 2557 prius
1035 2499 1167 2543 facile
1197 2499 1340 2556 quivis
1373 2499 1600 2543 concedet.

231 2685 267 2729 1)
294 2685 412 2730 itaque
439 2686 473 2719 in
499 2696 683 2721 numerum
708 2696 828 2721 eorum
855 2697 1042 2725 versuum,
1072 2695 1158 2731 quos
1175 2684 1422 2720 Kirchhoffius
1448 2685 1537 2718 hanc
1554 2686 1597 2718 ob

136 2764 294 2788 caussam
321 2758 491 2796 removet,
520 2755 553 2789 in
580 2755 706 2801 primis
736 2762 745 2785 ι
773 2757 841 2792 535
870 2755 1089 2791 referendum
1117 2765 1193 2790 esse
1220 2755 1395 2791 existimo.
