1771 3010
725 227 774 233 .-
868 200 922 241 33
1014 226 1067 230 —

143 319 310 372 >αι’νεὸν
353 319 444 377 ἀπὸ
488 319 577 364 τῶν
626 316 834 376 ἀνωτέρω
876 315 1023 376 μερῶν
1065 313 1213 371 λέγει,
1273 311 1527 372 ἀγάννιφον
1573 318 1617 359 δὲ

97 394 105 399 ’
172 405 263 453 dre}
296 405 386 449 τῶν
419 398 680 460 κατωτέρω.
731 410 863 455 quam
892 396 1300 453 interpretationem
1331 408 1375 443 et
1406 399 1619 444 Voelcke-

168 488 250 534 rus-
274 491 337 545 (p.
362 486 410 544 6)
441 488 487 529 et
515 480 767 528 Nitzschius
796 480 1055 537 inpugnant.
1114 477 1182 521 hic
1214 480 1328 522 enim
1361 483 1618 537 quaestione

172 554 398 613 sua‘effici
426 564 522 609 vult
552 566 603 607 ut
630 561 714 605 hoc
742 560 841 605 loco
872 561 927 604 de
958 559 1142 616 Olympo
1183 574 1271 603 non
1299 560 1416 604 idem
1448 564 1619 608 dicatur

174 648 289 706 quod
318 648 372 691 de
403 644 581 702 Cyllene
613 642 798 709 aliisque
828 640 1072 693 montibus,
1114 655 1300 698 quorum
1330 643 1515 687 vertices
1547 658 1619 689 su—

171 727 415 787 pra'nubes
449 726 685 773 emineant,
717 724 793 766 sed
815 726 864 766 ut
885 722 955 765 dei
979 722 1025 764 in
1049 721 1310 779 perfectiore
1329 727 1372 767 et
1399 723 1624 781 pulcriore

175 810 365 868 quadam
397 808 500 851 sede
531 805 741 850 habitent.
776 809 821 848 at
838 803 912 848 ubi
933 803 1111 847 tandem
1130 817 1204 847 eos
1230 804 1433 849 habitare
1463 812 1619 863 putat?

171 889 351 949 qualem
389 887 695 946 perfectiorem
724 885 848 929 illam
887 885 1036 929 sedem
1070 898 1165 928 esse
1197 884 1462 940 arbitratur,
1508 901 1620 945 quae

171 983 260 1015 non
301 971 360 1013 sit
400 982 550 1021 mons,
605 982 694 1012 non
734 966 931 1011 coelum?
975 969 1018 1009 et
1059 967 1258 1022 quamvis
1301 973 1451 1024 aperte
1491 968 1619 1012 huius

105 1105 107 1107 ,
171 1054 258 1097 loci
289 1066 374 1095 vox
408 1064 518 1108 quae
557 1054 625 1094 est
656 1046 792 1106 αἴγλη
825 1049 1044 1104 discrepet
1082 1047 1138 1091 ab
1170 1049 1253 1100 eis,
1297 1062 1409 1106 quae
1440 1055 1544 1095 sunt
1573 1053 1619 1095 in

171 1133 308 1178 Iliade
342 1129 512 1187 νιφόεις
542 1134 587 1175 et
617 1127 890 1187 α’γάννιφος,
923 1133 1071 1172 tamen
1104 1142 1203 1172 cum
1234 1130 1488 1175 adcuratius
1520 1146 1618 1190 per-

174 1214 480 1269 vestigandum
521 1216 589 1256 est
628 1224 739 1269 quae
782 1211 840 1254 sit
870 1211 978 1254 fides
1020 1209 1172 1253 horum
1215 1210 1367 1254 Iliadis
1407 1212 1618 1266 locorum,

174 1300 268 1339 tum
299 1307 422 1347 eum,
457 1293 530 1351 qui
559 1292 637 1337 hos
670 1291 926 1349 conposuit,
958 1304 1046 1334 non
1076 1290 1155 1334 has
1188 1291 1363 1349 Olympi
1394 1299 1544 1351 partes
1576 1297 1618 1339 in

173 1377 319 1421 animo
350 1375 584 1428 habuisse,
615 1387 726 1431 quae
755 1374 802 1416 in
833 1372 1002 1417 coelum
1035 1374 1295 1424 eminerent,
1329 1376 1407 1418 sed
1437 1389 1484 1419 re
1516 1391 1622 1421 vera

174 1459 279 1501 deos
322 1458 367 1501 in
406 1456 579 1500 nivibus
619 1454 821 1499 habitare
864 1457 1046 1511 putasse
1087 1467 1214 1498 nemo
1255 1455 1384 1498 facile
1422 1458 1506 1501 erit
1549 1460 1622 1515 qui

175 1538 421 1582 contendat.
455 1538 493 1581 si
525 1549 626 1580 vero
659 1536 915 1590 diligentius
952 1535 1148 1579 animum
1179 1537 1235 1579 ad
1266 1536 1365 1580 illos
1397 1537 1619 1595 Odysseae

172 1631 325 1661 versus
359 1618 614 1670 referimus,
658 1629 733 1659 eos
764 1626 861 1659 'non
889 1616 1097 1672 usurpari
1126 1617 1211 1659 nisi
1251 1617 1303 1661 de
1337 1619 1620 1663 montisver-

174 1700 259 1743 tice
291 1700 498 1757 adparet;
546 1699 584 1742 si
604 1696 796 1751 Pieriae,
840 1710 952 1754 quae
976 1713 995 1739 ε
1034 1695 1092 1739 30
1124 1702 1499 1751 ccnmemoratm,
1548 1715 1620 1744 ra—

174 1780 340 1823 tionem·
369 1779 595 1833 habemus,
627 1792 738 1831 eum,
770 1780 844 1836 qui
867 1778 1111 1835 Odysseam
1144 1779 1390 1836 conposuit,
1421 1794 1510 1825 non
1539 1783 1621 1826 mi-

173 1874 255 1905 nus
296 1865 490 1905 montem
528 1860 864 1905 Macedonicum
910 1865 1135 1917 spectasse
1180 1860 1279 1905 luce
1328 1866 1396 1906 est
1444 1861 1622 1908 clarius‘

176 1955 306 1999 quam
339 1944 412 2001 qui
427 1941 623 1986 Iliadem.
653 1941 903 1985 Nitzschius
936 1945 1101 1991 contra.
1134 1941 1269 1985 etiam
1290 1941 1329 1985 si
1348 1942 1466 1987 haud
1495 1945 1621 1999 igno-

174 2027 247 2066 rat
277 2024 357 2077 (ad
387 2024 541 2080 Odyss.
565 2022 604 2066 II
633 2037 662 2080 p
696 2022 770 2079 93)
802 2023 850 2065 in
880 2022 958 2065 illa
988 2023 1170 2066 verbum
1201 2024 1319 2079 quod
1349 2029 1417 2068 est
1449 2022 1621 2084 κάρηνα

176 2103 228 2148 de
245 2103 430 2162 Olympo
464 2103 567 2156 dici,
598 2107 748 2147 tamen
780 2102 893 2147 hanc
925 2116 1076 2147 vocem
1108 2103 1270 2148 nullius
1296 2118 1392 2149 esse
1414 2111 1624 2152 momenti

176 2197 226 2228 eo
258 2186 428 2230 efficere
462 2189 671 2236 conatur,
713 2185 829 2241 quod
872 2197 969 2227 eam
1001 2197 1096 2227 esse
1126 2197 1287 2240 vagam
1317 2190 1449 2243 atque
1479 2188 1624 2233 incer-

156 2256 268 2309 tam
299 2267 518 2311 adfirmat.
550 2271 597 2311 at
617 2279 701 2323 quo
733 2266 862 2310 modo
894 2266 1036 2321 magis
1067 2267 1455 2323 perspicuemons
1487 2270 1626 2325 signi-

183 2346 308 2392 ficari
338 2351 509 2406 potest,
551 2360 681 2404 quam
712 2348 750 2390 si
791 2348 883 2391 eius
915 2348 1128 2390 verticum
1169 2348 1217 2391 fit
1256 2350 1449 2393 mentio?
1494 2352 1627 2409 quid?

181 2429 297 2485 quod
327 2442 479 2473 vocem
502 2442 613 2487 quae
647 2433 715 2473 est
743 2425 914 2488 μακρός
941 2429 1213 2473 invenimus?
1245 2443 1350 2473 num
1368 2432 1473 2489 quid
1505 2432 1628 2477 aliud

126 2548 128 2551 .
179 2521 230 2552 ea
260 2511 345 2554 nisi
376 2524 501 2555 mons
534 2509 814 2554 declaratur?
845 2511 997 2567 itaque
1019 2510 1258 2564 Nitzschio‚
1289 2512 1364 2568 qui
1392 2512 1474 2556 hoc
1496 2515 1627 2559 modo

180 2588 423 2646 Odysseam
446 2592 500 2636 ab
525 2590 662 2635 Iliade
686 2589 860 2635 differre
885 2596 1048 2642 censet,
1083 2597 1295 2649 quantum
1318 2607 1433 2637 nunc
1454 2595 1632 2650 quidem

180 2672 478 2726 cognovimus,
511 2672 725 2721 adsentiri
757 2685 846 2715 non
875 2686 1123 2730 possumus.
1168 2674 1247 2717 sed
1272 2679 1427 2720 contra
1449 2676 1632 2722 deorum

180 2754 441 2804 cognomina
497 2767 608 2810 quae
655 2756 757 2797 sunt
803 2748 1099 2812 Οὐρανίωνες,
1147 2750 1218 2796 τοὶ
1265 2748 1453 2815 οὐρανὸν
1503 2751 1631 2817 εὐρὺν

1317 2835 1343 2878 3
