1771 3010
725 193 1074 235 „13-

162 308 233 351 ius
265 321 438 351 errores
470 312 564 352 tam
595 308 672 352 diu
696 308 998 367 permansisse
1028 307 1239 365 adparet,
1270 312 1330 358 ut,
1363 308 1628 366 praesertim

162 400 261 430 cum
292 387 368 431 ille
400 403 421 429 ν
451 389 533 431 147
555 388 761 435 dilucide
794 388 1033 432 oboediens
1067 388 1467 445 obtemperansque
1497 393 1627 438 esset,

160 481 261 512 011111
292 467 393 512 Jovi
436 482 610 513 errores
654 469 780 513 finire
820 468 988 513 volenti
1029 472 1377 527 repugnaturum
1419 482 1516 514 esse
1550 469 1626 514 vix

157 549 394 606 quisquam
426 552 659 594 coniceret.
695 540 792 608 quo‘
813 550 988 593 accedit
1019 550 1138 607 quod
1160 548 1482 607 Juppiteripse
1516 567 1543 592 α
1568 551 1623 594 77

143 631 342 674 ‘fratrem
385 632 500 674 iram
523 628 787 674 'missurum
831 643 972 687 neque
1015 627 1159 674 solum
1201 633 1397 674 omnium
1439 631 1623 675 deorum

153 710 376 755 voluntati
420 711 745 755 reluctaturum
791 711 913 754 dicit.
962 714 1011 754 ut
1055 711 1246 768 denique
1290 725 1335 753 re
1377 724 1484 754 vera
1527 712 1621 756 eius

151 795 273 834 metu
303 792 530 848 inpeditus
563 793 622 835 sit
653 805 738 848 quo
770 792 916 834 minus
947 791 1218 835 Mercurium
1251 791 1436 846 legaret,
1468 795 1621 836 tamen

152 885 238 928 quo
269 875 471 929 tempore
500 872 708 924 mittitur,
740 884 790 915 eo
813 884 903 914 non
930 876 998 914 est
1018 885 1096 915 cur
1118 871 1165 915 in
1182 872 1352 916 minore
1385 872 1444 916 sit
1473 876 1619 927 metu3

151 956 284 1010 atque
316 953 557 997 secundum
574 952 853 997 Nitzschium
884 965 938 995 ne
969 957 1073 1011 post
1099 951 1290 996 alterum
1314 953 1490 1010 quidem
1514 953 1616 997 deo-

148 1044 247 1076 rum
280 1032 518 1077 concilium
547 1033 678 1076 fratri
709 1045 959 1090 repugnare
992 1032 1032 1076 ei
1057 1031 1224 1076 licebat
1240 1031 1288 1091 ¹).

193 1108 195 1110 ’
266 1115 327 1157 At
357 1121 407 1158 ut
447 1115 597 1157 omnia
636 1113 746 1156 haec
788 1117 1049 1168 argumenta
1094 1114 1184 1156 sint
1224 1127 1342 1156 vana
1382 1118 1425 1157 et
1465 1115 1616 1158 omnia

147 1193 316 1250 optime
346 1193 463 1238 inter
482 1207 529 1237 sc
552 1192 832 1245 cohaereant,
863 1206 918 1236 ne
942 1195 1036 1236 tum
1059 1192 1235 1250 quidem
1259 1192 1343 1237 1100
1375 1193 1612 1238 0011011111111

146 1286 226 1316 suo
257 1274 356 1317 1000
389 1277 458 1318 est
489 1274 700 1330 positum.
751 1274 790 1316 si
821 1274 940 1316 enim
971 1273 1241 1328 Nitzschius,
1275 1278 1325 1317 ut
1354 1276 1444 1318 iam
1476 1287 1613 1332 supra

144 1355 354 1408 diximus,
385 1354 632 1399 maximam
662 1354 799 1398 totius
830 1353 1010 1398 fabulae
1046 1358 1218 1412 partem
1248 1355 1295 1398 in
1326 1356 1479 1413 poenis
1510 1369 1609 1401 ver-

143 1436 235 1478 sari
274 1440 426 1493 putat,
475 1448 584 1491 quas
626 1434 782 1477 Ulixes
815 1447 841 1477 a
871 1434 1021 1491 procis
1062 1436 1247 1492 repetit,
1298 1448 1407 1492 quas
1452 1439 1609 1479 contra

140 1529 308 1573 poenas
338 1516 436 1574 ipse
468 1515 604 1559 solvit
634 1528 724 1558 non
755 1513 948 1558 describi
979 1515 1065 1558 nisi
1097 1515 1309 1568 embolio,
1358 1529 1443 1573 quo
1474 1517 1605 1560 modo

136 1597 232 1641 fieri
264 1599 436 1654 potest,
481 1600 531 1640 ut
570 1596 653 1639 hoc
685 1588 896 1648 concili0,
942 1594 1107 1653 quippe
1136 1597 1254 1654 quod
1283 1609 1374 1639 11011
1405 1596 1606 1650 0111110110,

138 1678 218 1720 sed
249 1677 379 1720 alteri
409 1676 590 1720 fabulae
620 1676 741 1733 parti
773 1675 1077 1732 praepositum
1109 1676 1182 1727 sit,
1213 1676 1323 1720 haec
1353 1690 1459 1733 pars
1491 1678 1602 1721 adeo

135 1771 225 1801 non
270 1761 647 1808 conmemoretur,
696 1760 745 1799 ut
790 1754 952 1799 ubivis
978 1756 1032 1798 de
1062 1756 1286 1800 erroribus
1327 1770 1379 1800 ac
1412 1770 1498 1815 qua
1527 1770 1601 1801 ra-

134 1839 256 1882 tione
288 1838 379 1881 sint
408 1837 589 1881 finiendi
621 1840 784 1891 agatur
795 1836 864 1890 ²)?
895 1837 1045 1893 itaque
1068 1836 1151 1880 1100
1184 1836 1420 1880 0011011111111
1450 1845 1600 1881 eorum

133 1918 383 1962 carminum
429 1918 707 1976 prooemium
740 1930 859 1970 esse,
904 1916 1062 1974 quibus
1093 1917 1147 1960 de
1179 1917 1404 1961 erroribus
1436 1918 1597 1972 agitur,

129 1998 228 2043 luce
259 2002 329 2042 est
367 1998 557 2055 clarius3
604 1999 652 2042 id
681 2012 771 2042 non
811 1998 1114 2042 vindicantem
1152 1997 1330 2042 Ulixem
1372 1998 1596 2051 inducere,

130 2081 210 2123 sed
242 2080 416 2123 efficere
448 2083 498 2123 ut
529 2092 756 2136 speremus
787 2079 884 2123 fore
913 2082 963 2122 ut
991 2078 1200 2136 Juppiter
1242 2083 1321 2122 aut
1353 2080 1472 2136 quod
1501 2084 1594 2123 sta-

126 2160 215 2203 tuit
245 2173 379 2216 quam
411 2158 641 2203 celerrime
682 2158 848 2203 efficiat
880 2161 959 2202 aut
990 2172 1090 2202 cum
1119 2158 1259 2202 fratre
1288 2159 1337 2202 in
1367 2162 1594 2205 certamen

125 2241 278 2285 veniat
309 2241 407 2298 quis
432 2240 596 2297 estqui
620 2253 710 2283 non
741 2239 922 2283 videat?
955 2238 1148 2282 fortasse
1179 2239 1403 2297 quispiam
1427 2239 1593 2284 dixerit

126 2320 351 2363 erroribus
382 2320 520 2363 finitis
553 2320 677 2363 Ulixi
707 2319 967 2363 vindicandi
997 2323 1268 2375 potestatem
1295 2320 1404 2363 fieri.
1435 2323 1484 2364 at
1513 2319 1590 2363 ubi

122 2401 305 2445 tandem
337 2400 419 2445 hoc
449 2400 641 2455 legitur?
687 2414 772 2457 quo
811 2400 907 2444 iure
948 2398 1032 2443 hoc
1074 2400 1342 2455 cogitatione
1383 2399 1590 2458 supplere
1630 2414 1647 2429 ··
1717 2410 1720 2412 ·

120 2524 393 2532 -——---⁴-

217 2600 255 2642 1)
285 2598 362 2632 vide
388 2598 519 2632 Lauer.
548 2599 699 2642 quaestt.
726 2596 830 2631 Hom.
854 2607 916 2641 pp.
943 2596 964 2633 6
990 2607 1067 2642 sqq.

210 2666 248 2710 2)
276 2676 354 2700 nam
391 2666 450 2701 vix
486 2675 692 2711 quemquam
729 2663 931 2700 scholiastis
956 2665 1054 2707 HV.,
1094 2666 1152 2711 qui
1179 2674 1284 2705 versu
1309 2665 1355 2700 ⁷7
1378 2673 1506 2710 procos
1530 2665 1580 2700 si-

115 2735 276 2779 gnificari
304 2738 429 2782 putant
455 2735 623 2769 adsentiri
653 2735 829 2770 existimo.
