1771 3010
736 195 782 201 --
887 171 1084 212 50-

167 283 354 340 phemus
400 285 519 328 enim
554 302 564 327 ι
596 286 684 330 532
716 299 811 345 sqq.
845 302 872 331 a
912 293 1041 345 patre
1085 290 1276 347 petierat
1321 293 1392 342 ut,
1444 290 1482 334 si
1523 289 1635 335 Fato

167 366 205 410 ei
245 369 294 408 ut
336 366 503 410 rediret
546 367 819 412 destinatum
865 374 1008 421 esset,
1062 370 1195 425 longo
1237 370 1398 414 saltem
1436 374 1636 429 tempore

164 447 421 491 intermisso
474 447 653 491 rediret.
726 450 879 506 itaque
933 463 1033 494 cum
1079 465 1167 495 non
1207 464 1397 509 poenam
1441 451 1635 497 subitam

166 542 218 571 ac
251 532 556 585 praesentem,
605 530 683 572 sed
715 534 763 573 ut
794 543 927 587 quam
959 532 1208 576 diutissime
1238 546 1265 575 a
1288 533 1439 590 patria
1468 534 1633 578 retine—

162 614 285 654 retur
326 610 553 668 petiisset‚
598 612 764 669 optime
805 612 900 656 fieri
940 614 1086 671 potuit
1118 617 1167 658 ut
1216 614 1273 658 ad
1311 613 1499 659 Aeolum
1530 629 1631 673 per-

162 691 333 735 veniret
366 691 571 748 Neptuno
604 706 692 736 non
733 694 1062 745 intercedente;
1112 700 1209 739 utre
1252 695 1367 738 enim
1404 696 1631 753 patefacto

163 787 190 815 a
220 774 370 830 patria
402 774 591 817 deicitur
630 776 936 832 incipiuntque
978 791 1163 819 errores.
1228 790 1482 833 quanquam
1515 794 1541 818 κ
1573 778 1629 822 27

160 855 307 898 socios
341 867 424 897 sua
455 855 654 911 ipsorum
689 855 820 913 culpa
850 856 897 899 in
928 858 1170 913 perniciem
1203 856 1445 900 incurrisse
1477 856 1631 901 Ulixes

156 936 253 994 ipse
288 936 419 988 dicit,
471 940 515 979 et
548 952 574 977 κ
605 938 660 980 31
695 950 900 981 somnum
947 951 1035 981 non
1067 938 1139 982 dei
1171 951 1329 995 opera,
1378 938 1456 981 sed
1488 938 1630 996 ipsius

155 1017 422 1071 fatigatione
454 1015 654 1060 adlatum
688 1031 785 1061 esse
816 1017 1018 1073 legimus.
1072 1023 1119 1062 at
1151 1031 1206 1061 ex
1240 1019 1303 1062 eis
1336 1018 1498 1072 verbis,
1533 1020 1630 1077 qui-

135 1095 239 1141 ‘bus
271 1097 438 1140 Aeolus
472 1113 498 1138 κ
518 1098 573 1140 75
605 1098 796 1151 Ulixem,
830 1100 993 1157 quippe
1025 1100 1099 1157 qui
1130 1100 1176 1142 in
1207 1100 1391 1143 deorum
1423 1100 1482 1143 sit
1512 1100 1629 1153 odio,

156 1178 212 1223 ab
245 1177 395 1221 insula
428 1178 633 1235 depellit,
680 1180 898 1223 sociorum
934 1181 1238 1224 curiositatem
1268 1180 1385 1224 haud
1418 1180 1514 1224 sine
1545 1180 1627 1225 deo

154 1259 411 1303 vindicante
443 1260 686 1303 excitatam
720 1273 816 1304 esse
857 1260 989 1304 facile
1030 1261 1176 1319 quivis
1223 1261 1423 1305 coniciet.
1468 1261 1628 1305 deinde

153 1340 351 1385 Jacobus
384 1340 533 1384 adfert
561 1340 689 1384 illum
720 1355 802 1398 per
832 1341 1182 1399 Laestrygones,
1229 1356 1321 1386 non
1351 1355 1431 1399 per
1461 1342 1628 1400 Neptu-

158 1434 265 1466 num
297 1422 733 1478 naves-deperdere;
764 1421 845 1466 hos
878 1426 1051 1474 autem,
1084 1423 1246 1480 quippe
1274 1422 1349 1479 qui
1380 1422 1473 1466 suis
1502 1422 1627 1478 inge-

153 1503 240 1546 niis
270 1502 443 1544 feroces
477 1515 530 1545 ac
562 1501 741 1545 barbari
775 1503 886 1554 sint,
920 1516 947 1546 a
978 1503 1059 1546 deo
1092 1502 1348 1547 stimulatos
1380 1516 1478 1546 esse
1507 1502 1627 1546 haud

153 1595 253 1627 esse
283 1582 378 1626 veri
421 1580 580 1626 simile.
625 1586 672 1626 at
701 1581 786 1626 hoc
828 1583 1009 1627 minime
1051 1587 1119 1627 est
1159 1583 1473 1627 necessarium.
1519 1596 1626 1628 nam

150 1663 272 1707 Ulixi
304 1664 453 1707 omnia
490 1662 694 1706 dolorum
726 1668 860 1721 atque
900 1664 1304 1721 inpedimentorum
1351 1677 1515 1719 genera
1547 1665 1624 1709 de-

152 1746 323 1789 stinata
355 1748 483 1796 sunt3
516 1744 625 1787 deus
648 1748 803 1788 contra
825 1745 922 1802 ipse
944 1745 1193 1790 intercedat
1223 1748 1624 1804 tempestatemque

151 1827 319 1870 excitet
351 1824 423 1869 vel
466 1825 752 1880 naufragium
788 1839 976 1870 necesse
1023 1839 1121 1870 esse
1162 1825 1282 1869 nullo
1316 1827 1448 1870 modo
1480 1827 1624 1872 evinci

150 1911 312 1966 potest.
346 1910 480 1964 atque
511 1907 631 1950 idem
663 1907 901 1951 dicendum
932 1912 1001 1952 est
1032 1909 1086 1952 de
1119 1908 1196 1960 eis,
1230 1920 1342 1964 quae
1374 1911 1530 1952 contra
1551 1921 1622 1952 ce-

147 1993 247 2033 tera
279 1987 425 2032 Ulixis
455 1986 657 2045 pericula
688 1987 972 2033 adferuntur:
1023 1987 1169 2032 ubivis
1201 1987 1456 2045 Neptunum
1487 1992 1622 2046 atque

150 2069 310 2114 Jovem
365 2072 416 2111 ut
454 2067 716 2125 Polyphemi
775 2069 941 2126 optatis
995 2070 1295 2126 respondeant
1342 2067 1520 2114 dolores
1569 2082 1622 2113 ac

149 2164 319 2195 moram
355 2149 520 2194 inferre
552 2163 764 2207 perquam
797 2149 1031 2207 probabile
1064 2154 1145 2194 est.
1188 2163 1444 2207 quanquam
1490 2151 1621 2204 enim,

150 2232 362 2289 quoniam
401 2234 641 2287 utrumque
683 2231 769 2275 iter
812 2244 951 2289 aeque
990 2230 1288 2289 periculosum
1342 2234 1484 2280 esset,
1529 2244 1627 2275 non-

147 2312 345 2370 Neptuni
377 2325 513 2369 opera
543 2312 715 2356 factum
748 2325 845 2357 esse
876 2316 926 2356 ut
956 2325 1045 2355 non
1077 2310 1347 2369 Charybdin,
1379 2312 1458 2356 sed
1490 2311 1619 2370 Scyl-

143 2394 235 2438 lam
276 2392 711 2451 praeterveheretur,
759 2392 826 2437 illi
867 2393 1201 2437 concedendum
1246 2396 1339 2446 est,
1386 2398 1539 2437 tamen
1570 2397 1620 2438 ut

144 2476 324 2520 omnino
360 2474 417 2517 ad
434 2474 606 2524 Circen,
640 2488 666 2518 a
689 2488 777 2533 qua
810 2457 1070 2532 provehenti
1103 2474 1142 2518 ei
1173 2473 1373 2531 pericula
1402 2474 1482 2518 illa
1512 2473 1618 2518 sub-

144 2556 292 2600 eunda
322 2557 472 2609 erant,
513 2555 708 2608 veniret,
755 2554 875 2599 haud
909 2554 1005 2599 sine
1045 2553 1208 2599 infesto
1239 2556 1418 2599 numine
1448 2553 1618 2598 factum

145 2652 244 2683 esse
276 2650 391 2701 unus
422 2637 608 2695 quisque
646 2633 862 2695 pervidet.
910 2637 1028 2694 quod
1060 2638 1207 2680 autem
1239 2636 1435 2680 venefica
1464 2652 1497 2693 μ
1535 2636 1616 2679 107

147 2733 247 2764 eum
292 2732 346 2762 ne
390 2731 417 2762 a
450 2718 657 2775 Neptuno
703 2717 880 2774 quidem
929 2717 1100 2761 servari
1143 2730 1277 2774 posse
1319 2716 1449 2770 dicit,
1502 2717 1618 2761 unde
