1771 3010
713 213 765 218 -
858 189 914 231 46
1005 217 1059 223 .-

165 308 549 362 coniungercntur,
581 312 631 351 ut
650 307 778 351 nobis
811 312 958 352 essent
988 309 1158 362 traditi,
1188 323 1306 355 nunc
1335 324 1448 370 quae
1479 312 1539 356 sit
1566 313 1613 356 in

164 389 305 434 altera
334 389 512 434 fabulae
542 394 685 448 parte,
715 404 849 448 quam
866 390 1117 435 Nitzschius
1149 392 1205 436 ab
1237 392 1427 437 embolio
1449 394 1614 439 discer-

163 470 254 523 nit,
312 468 437 514 Jovis
478 474 640 514 natura
683 476 814 529 atque
857 475 1085 529 potestas:
1102 473 1357 518 adcuratius
1398 476 1613 532 pervesti-

163 565 328 606 gemus.

280 633 348 678 Ac
376 634 566 692 primum
611 634 787 692 quidem
825 647 978 679 versus
1019 635 1122 679 inde
1153 635 1208 680 ab
1241 653 1268 678 α
1300 636 1356 681 88
1384 649 1524 694 usquc
1558 638 1615 682 ad.

165 715 188 757 ὁ
207 716 290 759 847
322 717 389 760 ita
418 715 763 760 considerandos
795 729 893 760 esse
921 720 973 761 ut
1000 730 1099 769 eos,
1132 718 1178 760 in
1208 732 1343 762 unum
1375 719 1614 774 coniunga-

164 813 262 844 mus
291 799 395 843 inde
426 802 563 856 patet,
597 797 714 856 quod
748 801 792 842 et
823 798 1004 842 α1-87
1039 804 1169 855 atquc
1202 815 1220 841 ε
1254 801 1395 844 1-42
1426 801 1613 844 removi-

163 896 283 935 mus,
326 886 370 925 et
401 881 516 937 quod
546 893 695 924 eorum
726 878 902 933 fabula,
947 893 1035 937 qua
1059 878 1344 926 Telemachus
1375 883 1613 935 inducitur,

162 978 300 1008 unum
331 966 375 1007 et
404 963 659 1007 continuum
695 975 873 1005 carmen
904 965 981 1006 est„
1026 965 1075 1005 ut
1105 966 1252 1006 autem
1282 977 1430 1021 supra,
1461 965 1525 1008 ita
1544 964 1614 1008 hic

165 1057 337 1104 quoque
366 1044 544 1088 initium
574 1044 802 1099 capiamus
819 1055 848 1085 a
866 1042 1052 1095 ratione,
1082 1056 1212 1101 quam
1233 1042 1438 1101 Juppiter
1456 1049 1499 1088 et
1516 1058 1615 1088 cum

163 1128 259 1172 dcis
290 1130 335 1171 et
365 1139 463 1169 cum
504 1124 755 1168 hominibus
795 1122 940 1166 habet.
1002 1137 1054 1167 ac
1084 1123 1328 1168 Minervam
1362 1139 1494 1169 unam
1524 1126 1617 1169 fere

164 1221 262 1253 esse
293 1206 481 1251 alicuius
511 1206 723 1249 momenti
746 1205 804 1248 ad
821 1203 1019 1248 fabulam
1046 1205 1400 1262 progredientem
1433 1219 1616 1264 eamque

165 1292 243 1345 ita,
274 1294 322 1334 ut
338 1289 459 1334 haud
488 1289 582 1332 sine
598 1287 723 1332 Jovis
755 1286 1101 1344 conprobatione
1131 1301 1202 1331 res
1227 1291 1332 1343 agat
1360 1288 1450 1331 iam
1481 1301 1617 1345 supra

166 1372 374 1417 diximus.
419 1370 571 1427 itaque
603 1373 670 1413 est
702 1364 1113 1429 ὀμβριμοπάτρη“)
1148 1385 1175 1410 α
1205 1369 1295 1412 101.
1329 1386 1358 1426 γ
1379 1370 1473 1413 135.
1512 1368 1618 1420 Διός

166 1454 385 1511 θυγατήρ
416 1468 445 1508 ’γ
470 1452 684 1495 337.378.
719 1445 858 1509 κούρη
891 1447 997 1502 Διός
1024 1450 1058 1501 β
1078 1451 1176 1494 296.
1207 1452 1305 1495 433.
1342 1446 1479 1510 κούρη
1513 1449 1619 1502 Διός

168 1534 406 1593 αἰγιόχοιο
437 1534 553 1591 Ὑ42.
583 1533 682 1577 394.
716 1531 851 1576 5752.
899 1527 1134 1589 αἰγιόχοιο
1168 1529 1271 1584 Διὸς
1303 1531 1442 1584 τέκος.
1476 1530 1497 1573 δ
1517 1532 1615 1575 762.

168 1631 266 1662 eam
294 1629 388 1661 una.
416 1629 515 1659 cum
530 1613 642 1657 Jove
672 1618 717 1657 et
735 1611 941 1670 Apolline
971 1618 1181 1669 precatur
1203 1613 1430 1657 Menelaus
1461 1612 1482 1654 δ
1516 1615 1616 1658 341.

168 1700 208 1744 oi
227 1702 329 1744 anto
350 1708 500 1742 omnes
518 1695 627 1739 alios
644 1695 749 1739 deos
768 1693 911 1738 libant
932 1696 1083 1738 vinum
1113 1694 1148 1746 β
1165 1695 1263 1738 432.
1296 1708 1318 1738 e
1335 1693 1447 1738 Jove
1471 1697 1618 1738 autem

166 1783 265 1839 ipso
305 1791 525 1823 rumorem
556 1790 609 1820 ac
648 1776 816 1820 famam
856 1788 951 1819 csse
981 1775 1167 1830 legimus
1200 1792 1227 1816 α
1257 1775 1357 1818 282.
1401 1774 1435 1826 β
1462 1776 1548 1818 216
1565 1776 1619 1831 ²).

166 1863 398 1920 Aegyptus
428 1863 499 1904 cst
539 1857 740 1913 διιπετὴς
798 1856 820 1899 δ
849 1857 948 1900 477.
998 1857 1099 1900 581.
1145 1870 1329 1911 regnum
1368 1856 1619 1901 hominibus

168 1944 311 1989 defert
343 1959 371 1984 α
404 1941 513 1994 386;
558 1940 621 1984 eis
666 1940 744 1984 dat
785 1938 901 1996 quod
939 1938 1026 1996 ipsi
1063 1937 1212 1996 placet
1243 1954 1272 1979 α
1293 1938 1379 1982 348
1413 1937 1486 1995 (cf.
1519 1936 1617 1983 390.

170 2025 315 2080 5237)
344 2036 433 2068 non
462 2023 611 2067 minus
640 2034 772 2078 quam
802 2021 973 2064 scelera
997 2019 1124 2076 punit
1158 2036 1184 2060 α
1201 2020 1298 2062 379.
1331 2019 1365 2070 β
1388 2021 1483 2062 143.
1514 2032 1621 2064 nam

169 2106 319 2151 omnia
351 2104 523 2148 efficere
554 2105 701 2160 potest
732 2100 753 2143 δ
776 2102 884 2154 237;
915 2100 1048 2145 habet
1073 2100 1267 2144 omnium
1297 2113 1443 2144 rerum
1476 2099 1619 2145 scicn-

168 2189 277 2232 tiam
310 2185 332 2228 δ
362 2186 462 2230 379.
522 2182 780 2227 inmortales
812 2186 916 2226 sunt
945 2182 1038 2225 eius
1069 2181 1226 2225 domus
1258 2184 1302 2224 et
1334 2180 1539 2233 divitiae,
1570 2184 1621 2224 ut

167 2282 296 2313 nemo
337 2265 593 2311 mortalium
637 2277 735 2308 cum
766 2264 829 2307 eis
870 2266 1010 2307 certet
1041 2260 1063 2303 δ
1096 2262 1150 2305 78
1181 2274 1245 2319 sq.
1277 2260 1397 2305 solus
1427 2262 1622 2306 destinat

167 2350 394 2394 hominum
423 2350 568 2392 sortes
597 2363 627 2402 γ
648 2346 717 2390 88.
740 2344 950 2388 119.132.
975 2344 1070 2387 152.
1105 2343 1200 2387 160.
1233 2343 1333 2386 288.
1365 2341 1387 2384 δ
1416 2343 1487 2386 34,
1523 2344 1619 2387 173.

170 2431 270 2475 207.
304 2430 405 2475 668.
436 2428 534 2473 699.
568 2428 677 2478 7225
720 2426 869 2483 itaque
909 2424 1157 2483 inploratur
1199 2423 1232 2477 β
1262 2424 1335 2468 34.
1364 2424 1433 2468 68.
1464 2424 1552 2468 346
1578 2428 1623 2468 et

265 2559 302 2604 1)
329 2557 407 2592 vide
434 2556 586 2592 Becker.
611 2553 728 2590 sched.
757 2552 861 2589 Hom.
888 2564 924 2599 p.
948 2551 1006 2589 84.

264 2628 307 2674 2)
335 2626 415 2662 vide
449 2626 653 2661 Buttmann.
689 2623 788 2660 lexil.
822 2634 882 2669 pp.
908 2624 952 2659 21
978 2633 1053 2669 sqq.
1103 2623 1230 2658 Lehrs.
1257 2622 1280 2656 l.
1308 2621 1333 2656 1.
1359 2632 1395 2666 p.
1420 2620 1481 2658 87.
1508 2620 1620 2664 ,ὅσσα

172 2708 242 2733 non
267 2706 388 2733 vocem
412 2694 590 2741 significat
612 2693 845 2740 simpliciter,
871 2695 910 2728 ut
934 2691 1026 2740 apud
1052 2690 1144 2727 alios
1166 2693 1302 2737 poetn,
1327 2690 1388 2726 sed
1413 2690 1539 2725 famam
1566 2690 1621 2725 di-

172 2768 305 2802 vinitu·
330 2766 528 2802 excitatam.
