1771 3010
707 232 751 237 —-
850 206 904 247 29
995 230 1046 236 —

168 323 488 375 019101111οω
532 314 705 365 dicatu}
736 321 852 377 quod
895 321 1042 379 paullo
1085 325 1186 364 ante
1226 325 1304 364 aut
1343 320 1492 377 paullo
1524 328 1621 378 post

169 407 222 450 de
238 404 348 448 Jove
363 405 407 455 ¹).
441 416 552 460 quae
584 402 712 445 unius
738 402 807 444 dei
831 402 949 445 notio
968 402 1154 459 adparet
1181 402 1228 445 in
1254 400 1454 445 versibus
1487 417 1505 443 ε
1521 399 1619 444 397.

170 484 196 543 ζ
230 483 327 527 174.
361 483 457 525 180.
492 481 592 526 203.
638 500 660 540 η
697 480 793 523 132.
828 481 923 525 148.
960 481 1055 525 190.
1088 481 1187 525 214.
1221 481 1319 525 242.
1353 481 1452 524 254.
1486 484 1520 523 θ
1552 481 1619 523 76.

167 564 236 609 89.
273 563 368 608 167.
401 563 499 605 410.
532 562 632 606 413.
666 562 764 607 457.
798 562 897 605 509.
941 561 1038 606 579.
1097 579 1107 604 ι
1141 561 1210 606 15.
1245 561 1345 605 107.
1375 562 1472 605 269.
1523 580 1549 605 κ
1581 562 1621 616 2,

168 646 237 688 74.
270 644 369 688 299.
393 644 492 690 306.
527 643 555 685 λ
574 644 642 685 73.
679 643 772 686 133.
809 643 904 687 139.
939 643 1037 687 274.
1070 643 1168 687 276.
1200 642 1301 685 332.
1336 642 1436 686 341.
1468 643 1553 687 555
1571 645 1623 691 2).

166 744 199 787 μ
229 725 324 770 190.
360 724 459 770 290.
491 723 588 768 337.
625 724 723 769 356.
757 724 856 768 394.
890 724 986 769 448.
1022 743 1041 767 ν
1063 725 1130 768 41.
1164 723 1232 767 45.
1267 724 1336 768 54.
1370 725 1527 783 quibus
1559 725 1621 769 lo-

167 809 230 851 eis
263 808 333 854 dei
364 805 594 865 pluraliter
613 802 916 859 'inducuntun
951 824 974 864 ³7
996 806 1094 849 286.
1131 806 1279 849 9170.
1305 806 1388 849 177
1403 804 1451 864 ³).
1487 824 1496 847 ι
1525 806 1621 849 158,

165 887 263 932 339.
300 886 328 929 λ
360 887 457 930 292.
492 886 614 947 Ju38.
649 887 757 939 4193
792 887 949 944 quibus
983 888 1286 942 singulariter;
1319 888 1372 931 de
1403 887 1514 931 Jove
1547 889 1622 931 de—

139 970 296 1028 'nique
329 970 416 1013 dici
449 969 565 1026 quod
591 968 645 1012 de
677 969 769 1012 deis
799 969 1105 1024 cognoscimus
1144 972 1438 1026 conparantes
1469 983 1622 1013 versus

166 1068 184 1094 ε
219 1050 301 1093 123
336 1065 433 1095 eum
471 1048 567 1093 122.
602 1049 707 1102 129;
758 1048 784 1108 ζ
815 1047 902 1091 205
934 1063 1034 1093 eum
1066 1048 1172 1100 207;
1207 1067 1229 1108 η
1263 1048 1350 1092 250
1383 1064 1483 1094 eum
1513 1050 1621 1103 254;

168 1131 281 1174 1269
315 1146 412 1175 eum
444 1130 551 1182 ‘2703
585 1130 658 1171 >22
691 1144 790 1173 eum
822 1130 901 1183 21;
932 1148 965 1190 μ
989 1130 1074 1172 415
1107 1144 1204 1174 eum
1236 1130 1346 1184 4193
1380 1147 1399 1173 v
1433 1132 1484 1173 51
1521 1146 1620 1176 cum

163 1212 233 1255 54.
268 1213 346 1256 sed
378 1226 431 1255 ne
464 1210 778 1255 obliviscamur
807 1210 920 1254 hane
951 1212 1079 1254 unius
1111 1212 1181 1255 dei
1213 1212 1436 1255 notionem
1470 1227 1622 1256 eorum

163 1307 284 1342 esse,
329 1293 403 1350 qui
435 1293 588 1336 eodem
620 1296 817 1350 tempore
847 1284 1011 1336 multos
1044 1292 1249 1336 colebant
1280 1294 1408 1346 deos,
1453 1293 1622 1351 aliquot

159 1374 270 1418 loeis
294 1387 393 1418 eum
416 1373 561 1416 verbis
594 1386 706 1431 quae
738 1376 839 1415 sunt
863 1373 964 1414 9εοί
998 1377 1039 1415 et
1062 1370 1166 1424 θεός
1196 1374 1347 1416 iuncta
1376 1381 1479 1418 ¹sunt
1509 1371 1621 1417 πάν-

161 1472 233 1508 τες
264 1458 308 1499 et
337 1451 413 1507 τὶς.
452 1454 527 1505 (of.
562 1458 604 1498 et
636 1456 668 1496 9
704 1452 797 1496 167.
836 1451 863 1495 λ
902 1452 994 1496 131.
1029 1471 1060 1511 μ
1084 1452 1170 1496 337
1203 1458 1246 1498 et
1280 1453 1435 1511 1142).
1480 1469 1619 1514 neque

159 1537 304 1579 minus
322 1548 575 1591 quanquam
607 1537 669 1578 eis
693 1535 817 1585 loeis,
851 1548 959 1590 quos
983 1539 1115 1577 antea
1147 1535 1399 1588 adtulimus,
1434 1537 1488 1579 de
1509 1536 1620 1579 Jove

158 1618 290 1667 idem,
323 1617 440 1674 quod
457 1616 509 1660 de
530 1616 622 1660 deis
656 1616 831 1668 dieitur,
866 1619 1013 1659 tamen
1037 1616 1136 1659 aliis
1168 1615 1278 1659 locis
1309 1622 1488 1674 praeter
1518 1632 1619 1662 eum

159 1697 346 1740 aliorum
377 1698 560 1739 deorum
592 1708 801 1752 expresse
831 1695 880 1737 fit
910 1695 1088 1746 mentio,
1119 1696 1185 1738 ita
1208 1700 1257 1738 ut
1288 1696 1343 1739 ab
1376 1710 1426 1740 eo
1459 1698 1617 1741 distin-

158 1782 364 1834 guantur.
427 1778 577 1834 itaque
609 1777 797 1832 legimus
830 1778 862 1817 θ
894 1774 992 1818 306.

273 1880 356 1923 Ζεῦ
390 1876 534 1939 πάτερ
570 1877 637 1936 ἠδ’
670 1874 808 1921 ἄλλοι
841 1875 1043 1939 μάκαρες
1073 1876 1171 1922 θεοὶ
1207 1879 1300 1922 αἰὲν
1336 1878 1482 1934 ἐόντες

158 1998 348 2042 quocum
380 1984 635 2027 conferendi
667 1987 770 2026 sunt
798 1982 898 2024 432.
934 2000 945 2023 ι
979 1983 1076 2026 275.
1110 1983 1211 2032 479,
1243 2000 1277 2043 μ,
1308 1983 1407 2025 371.
1439 1984 1538 2027 377.

211 2091 216 2096 ’
272 2088 442 2133 Deinde
474 2088 700 2145 Odysseae
730 2088 915 2144 propria
953 2092 1020 2132 est
1060 2102 1148 2132 vox
1180 2102 1292 2145 quae
1331 2093 1400 2133 est
1431 2088 1618 2150 δαίμων,

156 2183 289 2227 quam
329 2170 475 2228 ipsam
516 2181 687 2227 quoque
718 2181 807 2212 non
837 2168 969 2213 nullis
1010 2168 1120 2212 loeis
1152 2172 1324 2213 vertere
1350 2175 1616 2228 ⁴possumus,

249 2369 286 2411 1)
315 2367 393 2402 vide
420 2367 583 2401 Welcker
609 2366 672 2401 Gr.
700 2366 872 2401 Goetterl.
900 2367 915 2400 1
942 2377 979 2411 p.
1008 2365 1086 2402 186.

243 2436 286 2482 2)
314 2439 336 2472 λ
361 2436 429 2472 631
454 2439 550 2471 recte
587 2436 628 2470 ab
663 2435 859 2470 editoribus
895 2438 1096 2471 removetur
1132 2434 1225 2481 quod
1251 2436 1293 2470 ab
1322 2436 1439 2471 Attico
1465 2437 1614 2483 quodam

150 2505 411 2554 interpolatore
437 2506 669 2552 interpositus
694 2507 758 2541 est.

244 2576 282 2621 3)
309 2587 342 2610 v.
367 2576 415 2611 44
440 2575 548 2610 verbo
575 2574 663 2620 quod
690 2577 745 2609 est
772 2575 860 2616 ,θεός
886 2574 987 2609 Musa
1015 2574 1237 2620 significatur
1263 2585 1372 2620 aeque
1399 2586 1438 2610 ac
1465 2576 1534 2612 498
1561 2588 1613 2623 sq.

150 2653 238 2689 quos
273 2643 398 2680 scholl.
436 2643 525 2687 HQ.
563 2643 691 2678 eximie
727 2644 1007 2687 interpretantur
1042 2643 1221 2679 dicentes:
1259 2644 1331 2679 ἀπὸ
1369 2648 1433 2688 τῆς
1470 2644 1613 2692 μούσης

147 2711 406 2758 ἐμπνευσθείς.
