1771 3010
714 197 770 204 —--
881 172 906 214 ὕ

168 285 448 330 occasionem
495 286 639 332 Ulixis
682 302 835 333 somno
876 289 961 333 sibi
1006 290 1200 334 oblatam
1250 292 1509 336 avidissime
1555 304 1633 336 an-

164 364 421 422 plectuntur
451 382 593 426 neque
623 383 689 423 ea,
723 384 836 429 quae
870 375 972 415 sunt
991 372 1071 416 deo
1105 377 1285 417 sacrata
1315 370 1538 432 surripere
1571 374 1635 418 eis

166 451 235 491 est
266 450 577 496 verecundiae·
624 453 749 496 cuius
781 454 846 496 rei
878 467 1053 497 summa
1084 455 1152 497 ira
1183 455 1390 499 incensus
1433 468 1534 499 cum
1564 455 1635 500 hic

168 528 321 572 aJove
351 532 591 588 postularit
610 538 659 578 ut
681 534 923 579 sceleratos
954 534 1156 581 homines
1189 536 1450 594 deperderet
1471 531 1636 595 ipsum-

169 625 254 668 que
285 612 597 662 ulcisceretur‚
630 616 758 659 navis
789 619 1056 673 tempestate
1088 623 1242 662 coorta
1273 619 1485 671 diruitur;
1517 618 1639 663 Ulixi

168 697 316 737 autem
357 708 531 739 summa
583 697 744 741 virium
797 699 1078 742 contentione
1133 700 1352 756 contingit
1400 703 1450 744 ut
1499 701 1641 745 omni-

170 774 251 820 bus
297 777 429 821 sociis
477 779 665 836 perditis
709 781 767 824 ad
798 780 1017 839 Calypsus
1060 782 1251 825 insulam
1283 783 1330 826 in
1360 786 1506 826 tutum
1537 796 1638 840 per-

169 858 334 903 veniat.
380 859 456 904 ubi
495 874 576 918 per
617 866 789 920 septem
832 876 970 907 annos
1014 876 1111 907 cum
1155 876 1328 908 summo
1368 877 1447 908 suo
1488 863 1641 909 dolore

170 940 413 994 detinetur,
462 942 567 986 dum
599 945 781 987 tandem
812 944 1082 997 Mercurius,
1122 945 1169 988 id
1201 946 1319 1001 quod
1348 946 1503 1003 primis
1535 944 1644 989 libri

172 1021 314 1078 quinti
347 1023 571 1077 versibuS‚
617 1025 733 1069 unde
765 1024 1005 1070 embolium
1036 1026 1212 1071 initium
1245 1028 1393 1081 sumit,
1426 1025 1643 1071 describi·¹

173 1107 269 1155 tur,
304 1117 331 1147 a
362 1104 474 1148 Jove
507 1107 562 1148 ad
597 1107 840 1163 nympham
873 1112 922 1151 ut
952 1108 1079 1151 illum
1111 1108 1310 1152 dimittat
1339 1107 1527 1163 legetur.
1576 1111 1644 1152 at-

174 1197 258 1240 que
290 1185 380 1229 iam
410 1186 458 1230 in
490 1200 541 1231 eo
575 1191 656 1243 est,
689 1192 737 1231 ut
782 1168 923 1233 ratem
968 1190 1025 1232 ad
1056 1188 1309 1233 Phaeacum
1348 1189 1454 1232 litus
1495 1188 1649 1246 adpelss-

173 1264 252 1315 lat,
285 1279 385 1310 cum
416 1268 675 1326 Neptunus,
708 1271 783 1327 qui
816 1270 871 1314 ab
904 1269 1196 1328 Aethiopibus
1229 1271 1369 1324 redit,
1403 1271 1647 1326 aegerrime

172 1347 319 1392 ferens
367 1351 485 1406 quod
523 1351 595 1396 dei
635 1352 733 1409 ipso
776 1352 959 1396 absente
996 1353 1086 1396 alia
1118 1353 1317 1410 ceperint
1349 1351 1560 1405 consilia,
1605 1356 1650 1396 et

175 1430 261 1473 iste
294 1443 320 1473 a
351 1434 474 1476 terra
504 1432 615 1477 Fato
649 1434 689 1477 ei
721 1435 947 1477 destinata
986 1433 1104 1477 haud
1136 1433 1290 1491 procul
1322 1434 1403 1486 sit,
1450 1432 1650 1490 procella

179 1524 232 1555 ac
264 1516 533 1570 tempestate
565 1519 720 1559 coorta
750 1516 814 1559 ita
844 1515 1012 1570 frangit
1041 1519 1210 1563 ratem,
1243 1519 1291 1557 ut
1322 1515 1408 1558 nisi
1441 1514 1592 1557 taenia
1623 1526 1651 1557 a

175 1591 431 1639 Leucothea
462 1599 648 1653 accepta
679 1597 890 1653 tignoque
909 1597 1019 1640 ratis
1045 1596 1217 1639 fractae
1241 1599 1419 1652 arrepto
1443 1608 1490 1637 se
1516 1606 1652 1650 supra

174 1674 307 1716 undis
339 1688 427 1719 non
459 1677 691 1721 sustineat.
741 1683 787 1721 at
816 1676 887 1720 hic
920 1680 988 1720 est
1018 1677 1117 1720 finis
1148 1676 1380 1720 malorum.
1426 1689 1528 1718 nam
1559 1675 1644 1719 Mi-

176 1768 328 1808 nerva,
362 1761 601 1814 postquam
621 1757 854 1815 Neptunus
886 1758 1034 1812 Aegas
1059 1770 1104 1802 se
1131 1756 1333 1807 contulit,
1364 1760 1545 1799 ventum
1579 1769 1649 1798 se-

182 1838 376 1880 cundum
420 1839 571 1882 mittit.
619 1840 770 1895 itaque
810 1837 886 1882 ille
918 1839 1076 1892 viginti
1120 1839 1214 1882 dies
1245 1839 1291 1881 in
1325 1837 1414 1881 alto
1456 1838 1653 1880 iactatus

177 1918 235 1961 ad
267 1916 493 1979 Phaeaces
534 1920 759 1976 pervenit,
811 1934 837 1963 a
869 1919 1029 1976 quibus
1071 1920 1256 1963 summis
1300 1918 1544 1962 honoribus
1581 1930 1655 1960 cu-

175 1999 373 2044 mulatus
418 2001 680 2057 magnisque
729 2001 920 2043 donatus
962 1999 1220 2043 muneribus
1266 2000 1323 2043 ad
1355 1998 1553 2042 Ithacam
1586 1998 1655 2042 in-

177 2081 323 2125 sulam
368 2082 615 2126 deducitur.
678 2082 909 2139 Neptunus
953 2086 1103 2126 autem
1134 2082 1228 2125 irae
1260 2081 1457 2124 nondum
1489 2079 1655 2123 oblitus

179 2164 299 2221 apud
331 2164 514 2208 deorum
547 2164 861 2219 hominumque
892 2166 1068 2219 patrem
1099 2163 1235 2206 istum
1268 2162 1406 2205 tantis
1440 2164 1651 2203 onustum

179 2245 348 2288 divitiis
382 2246 562 2288 domum
594 2244 825 2301 pervenire
859 2243 1070 2300 queritur,
1104 2246 1320 2300 quantas,
1349 2243 1387 2285 si
1418 2241 1551 2285 Troia
1583 2241 1652 2284 in-

180 2325 364 2369 columis
413 2327 654 2378 evasisset,
702 2339 789 2368 non
836 2328 1134 2382 reportasset3
1183 2325 1238 2367 ab
1286 2336 1425 2381 eoque
1473 2326 1522 2367 ut
1571 2321 1658 2366 sibi

179 2405 431 2451 Phaeacum
463 2422 624 2452 navem
655 2407 914 2451 redeuntem
947 2407 1201 2460 demergere
1233 2404 1475 2463 urbemque
1505 2408 1655 2448 monte

179 2489 519 2534 circumvallare
552 2489 690 2533 liceat
721 2488 927 2546 precibus
959 2488 1084 2544 petit.
1131 2488 1247 2544 quod
1283 2487 1458 2544 quidem
1492 2485 1564 2529 hic
1595 2485 1661 2528 ita

178 2585 269 2615 non
299 2576 505 2623 recusat,
553 2574 602 2614 ut
629 2582 788 2614 navem
819 2569 867 2613 in
897 2581 1055 2612 saxum
1089 2569 1253 2612 mutari
1285 2567 1440 2611 iubeat
1472 2579 1659 2623 eamque

180 2652 238 2695 ad
269 2652 375 2694 litus
409 2652 867 2710 adpropinquantem,
899 2653 949 2693 ut
981 2650 1280 2707 spectantium
1312 2647 1450 2692 animi
1492 2650 1662 2691 terrore

180 2733 502 2793 percutiantur.
554 2744 643 2789 qua
674 2744 721 2776 re
763 2731 955 2776 conmoti
988 2729 1213 2774 Phaeaces
1248 2733 1291 2773 et
1320 2728 1511 2792 hospitio
1545 2727 1662 2772 desi-
