1771 3010
691 159 1031 201 -15--

48 309 62 318 Γ
128 278 174 324 in
218 289 438 322 scaenam.
500 288 603 322 nam
643 274 849 320 similiter
889 278 1020 332 atque
1068 272 1200 332 primi
1251 270 1354 316 libri
1409 273 1591 318 exordio

128 363 235 404 tune
265 370 438 416 quoque
469 357 541 401 dei
570 358 627 401 ad
658 370 758 400 eum
789 358 1101 399 convenerunt.
1162 358 1268 398 tunc
1311 357 1460 397 autem
1501 367 1589 397 non

127 439 240 496 ipse,
272 438 350 482 sed
379 437 580 482 Minerva
608 436 718 480 facit
748 436 923 479 initium
953 434 1260 496 conloquendi.
1294 447 1362 485 ,ne
1394 431 1480 486 sit'‚
1520 434 1588 477 in-

132 518 250 577 quit,
281 517 409 572 ‚ullus
440 531 522 562 rex
554 516 768 572 benignus
800 528 911 560 neve
940 514 1190 569 indulgen8‚
1221 514 1429 570 quoniam
1460 528 1592 560 nemo

129 599 273 645 Ulixis
303 599 489 658 imperio
520 597 745 642 subiectus
777 595 896 640 illius
928 600 996 638 est
1043 609 1239 643 memor,
1291 596 1364 651 qui
1394 597 1591 640 maxima

129 681 269 738 patris
309 680 452 724 instar
492 677 831 723 mansuetudine
877 676 1137 731 regnavit-‚0
1198 689 1312 720 nunc
1353 680 1501 721 autem
1542 682 1594 723 ut.

128 761 307 806 domum
338 760 570 818 perveniat
601 759 640 801 ei
670 771 757 801 non
789 757 1018 811 contingit.
1052 758 1132 800 sed
1166 756 1288 808 „illi“
1319 757 1408 801 filio
1428 757 1588 814 Pylum

130 844 173 885 et
216 840 423 900 Spartam
464 839 664 898 profecto
710 849 860 881 necem
911 837 1180 882 moliuntur.’
1243 837 1314 881 cui
1353 837 1585 896 Juppiter:

127 927 320 976 ,nonne‘,
350 921 508 978 inquit,
539 923 603 972 ,tu
636 920 739 975 ipsa
770 923 820 961 ut
851 918 1003 961 Ulixes
1037 920 1205 962 veniret
1235 919 1422 976 illosque
1461 922 1588 976 puni-

127 1005 197 1049 ret
227 1001 459 1047 consilium
492 999 665 1045 iniisti?
705 999 855 1056 itaque
893 999 969 1043 fac
1009 1003 1059 1043 ut
1090 998 1378 1044 Telemachus
1419 1001 1587 1052 redeat,

128 1082 252 1139 proci
284 1086 432 1125 autem
463 1081 629 1123 infecta
659 1093 706 1123 re
747 1083 1055 1123 revertantur.‘
1118 1094 1203 1136 quo
1247 1081 1366 1123 facto
1408 1081 1588 1124 deorum

126 1162 313 1207 nuncius
348 1162 405 1206 ad
435 1160 675 1219 nympham
719 1159 892 1217 legatur
921 1165 970 1204 ut
999 1159 1073 1204 ille
1114 1161 1159 1205 in
1200 1161 1391 1218 patriam
1435 1163 1591 1207 redeat

126 1255 268 1299 neque
302 1243 396 1286 deis
428 1255 570 1298 neque
620 1241 871 1284 hominibus
906 1241 1239 1284 deducentibus.
1302 1242 1466 1285 multos
1509 1257 1587 1286 au-

127 1326 218 1368 tem
249 1322 425 1367 dolores
456 1335 715 1381 perpessum
747 1335 845 1366 eum
889 1322 1101 1377 vigesimo
1145 1322 1215 1366 die
1261 1323 1319 1366 ad
1365 1322 1589 1370 Phaeaces

129 1408 271 1448 ratem
303 1403 646 1461 adplicaturum,
694 1416 721 1444 a
751 1402 909 1459 quibus
942 1403 1109 1445 divitiis
1140 1409 1349 1447 oneratus
1381 1405 1426 1447 in
1470 1404 1586 1448 Itha-

129 1498 228 1529 eam
281 1487 573 1543 perventurus
619 1484 691 1528 sit.
767 1487 899 1541 atque
953 1483 1197 1529 Mercurius
1249 1485 1482 1530 confestim
1531 1488 1589 1531 ad

130 1565 321 1625 Calypso
352 1565 677 1623 proficiscitur,
727 1577 839 1622 quae
872 1578 1006 1622 quam
1036 1565 1103 1608 vis
1137 1578 1268 1620 aegre
1299 1566 1415 1610 ferat
1462 1567 1583 1612 illum

126 1648 278 1706 quinto
310 1648 380 1692 die
412 1647 598 1692 dimittit
630 1651 675 1691 et
707 1647 981 1691 vestimentis
1015 1651 1059 1691 et
1100 1646 1280 1691 cibariis
1325 1648 1583 1706 subpedita-

125 1732 234 1773 tum.
297 1732 341 1771 et
372 1741 456 1785 quo
488 1731 687 1785 tempore
717 1731 820 1784 post
851 1727 1155 1782 duodeviginti
1187 1728 1359 1771 dierum
1404 1730 1588 1786 naviga-

126 1810 292 1854 tionem
326 1809 576 1854 Phaeacum
608 1813 728 1853 terra
757 1809 804 1853 in
828 1809 921 1852 eius
954 1813 1236 1866 conspectum
1267 1810 1401 1861 venit,
1435 1811 1591 1855 eodem

127 1889 293 1933 accidit
321 1892 370 1933 ut
400 1889 631 1948 Neptunus
664 1888 720 1932 ab
750 1888 1045 1946 Aethiopibus
1076 1890 1243 1932 redeat.
1277 1893 1324 1933 at
1357 1903 1456 1933 cum
1474 1890 1590 1935 hanc

124 1984 219 2015 rem
250 1971 308 2015 ad
337 1969 575 2015 embolium
609 1970 891 2014 referendam
922 1983 1019 2015 esse
1051 1970 1279 2028 adpareat,
1311 1985 1427 2015 nunc
1458 1973 1505 2016 in
1538 1986 1593 2017 ea

127 2051 422 2096 consistamus
453 2054 586 2109 atque
616 2054 851 2108 utrumque
883 2052 1065 2095 deorum
1097 2050 1333 2096 concilium
1364 2056 1408 2096 et
1433 2066 1514 2111 per
1540 2067 1590 2098 se

128 2136 377 2191 spectemus
412 2136 456 2177 et
484 2146 568 2189 quo
596 2133 729 2177 modo
771 2146 871 2177 cum
909 2136 1005 2177 tota
1048 2132 1274 2189 Odysseae
1316 2133 1471 2177 fabula
1511 2148 1583 2178 co-

124 2212 317 2259 haereat.

804 2296 831 2349 §
869 2296 908 2338 7.

241 2373 389 2433 Atque
420 2375 545 2433 prius
578 2375 756 2433 quidem
789 2388 816 2419 a
847 2375 1035 2419 diversis
1066 2374 1272 2434 partibus
1305 2379 1349 2421 et
1369 2377 1587 2436 inpugna-

129 2460 223 2501 tum
253 2459 322 2501 est
353 2459 397 2500 et
427 2456 687 2508 defensum;
727 2458 774 2501 in
814 2457 970 2515 primis
1001 2459 1149 2501 autem
1180 2461 1438 2515 propterea,
1470 2460 1588 2515 quod

220 2630 256 2673 1)
284 2639 352 2677 quo
391 2630 468 2666 iure
502 2630 707 2667 Nitzschius
742 2631 803 2676 (ad
840 2630 965 2677 odyss.
992 2634 1026 2665 11
1059 2642 1095 2676 p.
1122 2633 1157 2676 s)
1196 2633 1287 2668 hunc
1321 2631 1438 2668 locum
1475 2635 1586 2669 inter-

123 2699 305 2742 pretatur:
332 2698 421 2740 ‚Die
449 2698 610 2734 Ffirston
634 2699 754 2735 seinos
785 2699 906 2744 Valles,
931 2700 1192 2744 meinyedenk
1215 2701 1338 2735 seiner
1362 2700 1587 2746 Verdienste,

126 2768 384 2802 vorsebworm
409 2778 524 2812 qoam
547 2769 627 2811 ihu»,
655 2769 733 2803 «md
758 2770 826 2804 clas
857 2769 946 2803 Vozk
971 2768 1267 2815 qleichyaemiy...‘
1291 2780 1364 2805 non
1389 2770 1505 2805 video.
