1771 3010
670 213 871 257 -35

113 357 185 394 τες
213 357 233 384 ε
265 335 364 382 122.
394 332 597 396 μάκαρες
628 348 645 374 ε
679 330 780 375 186.
821 333 856 373 2
887 328 989 372 281.
1019 327 1117 371 306.
1151 326 1248 370 326.
1283 320 1427 369 1275.
1459 323 1559 366 521.

117 419 229 465 nu.
262 416 362 461 299.
391 432 439 477 μ..
458 415 529 458 61.
561 412 660 457 371.
692 411 794 455 377.
826 427 846 453 ν
865 410 933 454 55.
967 409 1061 453 αἰὲν
1093 407 1237 461 ἐόντες
1265 412 1299 451 9
1325 409 1424 451 306.
1460 409 1560 455 365.

115 520 150 563 μ
179 499 277 544 371.
316 495 418 541 377.
483 492 715 539 ἀθάνατοι
757 509 776 536 ε
814 491 884 536 73.
925 491 996 534 80.
1037 489 1136 533 213.
1178 490 1275 534 218.
1316 491 1415 534 357.
1460 492 1559 538 447.

116 582 143 643 ζ
175 581 242 625 1⁶.
275 577 374 622 203.
405 576 506 623 309.
556 591 580 635 η
613 574 658 621 5.
690 573 790 619 199.
829 572 916 617 209
936 577 980 627 ¹).
1026 576 1058 615 fr
1092 572 1160 616 14.
1196 571 1292 616 174.
1324 571 1424 617 225.
1461 574 1560 620 343.

113 662 212 709 348.
243 659 342 707 352.
377 658 506 703 ι107.
543 674 571 700 κ
602 656 643 701 2.
664 656 733 701 75.
782 655 812 699 λ
835 657 872 699 1.
896 654 966 700 33.
991 654 1088 699 250.
1121 653 1219 698 313.
1254 653 1375 714 [602]
1404 673 1438 717 μ
1462 657 1562 701 117.

116 743 213 789 302.
247 742 345 787 344.
378 740 476 784 370.
511 739 611 783 376.
643 738 742 782 385.
785 737 938 781 ν’112.
972 735 1068 780 128.
1111 749 1254 794 neque
1293 738 1442 783 minus
1480 738 1563 784 Ga-

116 827 243 883 lypso
276 825 359 868 dea
388 822 608 867 Mercurio
641 821 909 864 ambrosiam
941 824 984 863 et
1014 824 1168 863 nectar
1208 819 1389 877 adponit
1420 822 1462 876 (ε
1491 818 1560 864 93.

118 907 172 952 cf.
207 923 222 949 ι
250 903 356 960 359)
389 904 464 961 qui
495 902 582 947 cibi
615 915 635 942 ε
667 900 750 945 197
795 914 1006 959 expresse
1043 901 1099 945 ab
1130 901 1355 946 hominum
1384 901 1563 947 cibariis

117 988 458 1047 distinguuntur.
523 983 691 1035 Oleum,
723 996 805 1040 quo
824 983 971 1026 Venus
1003 985 1035 1023 9
1067 981 1153 1025 364
1184 996 1212 1026 a
1242 982 1407 1027 Gratiis
1437 984 1564 1040 ungi-

116 1072 210 1121 tur,
256 1045 542 1117 vestimenta,
587 1078 699 1123 quae
740 1063 929 1122 Calypso
971 1062 1090 1107 Ulixi
1133 1065 1209 1108 dat
1248 1068 1292 1123 (η
1327 1064 1426 1107 260.
1457 1064 1565 1121 265)

116 1147 388 1193 Leucotheae
418 1147 570 1191 taenia
600 1152 642 1201 (ε
658 1144 766 1203 347)
795 1145 943 1190 Circes
964 1144 1115 1200 iugum
1145 1146 1187 1199 (ε
1206 1144 1310 1204 222)
1343 1142 1562 1208 ἄμβροτα

116 1233 350 1282 vocantur,
396 1229 588 1274 Mercuri
627 1227 738 1272 solia
770 1245 788 1270 ε
821 1226 876 1270 45
923 1224 1171 1286 ἀμβρόσια.
1225 1242 1336 1285 quae
1381 1230 1565 1273 deorum

119 1310 311 1367 epitheta
342 1323 473 1367 quam
503 1310 592 1353 vim
621 1308 813 1352 habeant
842 1320 941 1351 cum
970 1319 1048 1365 per
1080 1321 1126 1351 se
1157 1312 1280 1366 patet
1304 1313 1397 1354 tum
1430 1310 1468 1353 si
1499 1322 1565 1364 ea,

120 1405 230 1448 quae
272 1390 522 1435 hominibus
562 1390 773 1434 induntur
804 1402 905 1434 cum
934 1389 998 1432 eis
1030 1390 1325 1434 conferuntur.
1371 1391 1416 1435 hi
1446 1393 1564 1436 enim

119 1477 221 1515 sunt
250 1469 494 1531 ἀλφησταί
510 1471 560 1531 ²).
594 1470 683 1531 <8.
726 1468 796 1515 ἐπὶ
828 1466 973 1530 χθονὶ
1004 1471 1129 1514 σῖτον
1161 1467 1341 1526 ἔδοντες.
1391 1475 1425 1517 9
1456 1471 1564 1527 222;

121 1551 382 1611 ἐπιχθόνιοι
423 1556 457 1596 9
491 1552 602 1606 479ς
650 1549 721 1596 τοὶ
760 1548 829 1595 ἐπὶ
871 1547 1014 1610 χθονὶ
1060 1550 1348 1597 ναιετάουσιν
1397 1553 1563 1614 <1533

119 1640 169 1680 ut
196 1639 343 1679 autem
373 1634 686 1679 deievocantur
717 1632 813 1695 ῥεῖα
847 1631 1036 1693 ζώοντες
1065 1638 1109 1679 et
1138 1633 1361 1695 μάκαρες,
1392 1637 1456 1681 ita
1486 1637 1563 1682 ho-

120 1717 258 1760 mines
292 1717 411 1760 omni
441 1714 640 1760 dolorum
669 1728 828 1770 genere
858 1719 963 1758 sunt
992 1716 1213 1759 cumulati.
1256 1717 1324 1760 illi
1355 1719 1471 1761 enim
1502 1720 1564 1762 eis

121 1797 254 1842 talem
272 1798 510 1856 perniciem
543 1801 718 1842 struunt
748 1797 803 1853 (9
821 1794 941 1855 579),
974 1797 1116 1854 qualis
1141 1798 1189 1843 in
1213 1801 1438 1856 posterum
1469 1814 1567 1845 car-

122 1878 312 1922 minibus
344 1875 648 1930 celebretur3).
680 1877 876 1921 homines
898 1881 1003 1922 sunt
1030 1876 1170 1922 δειλοί
1186 1879 1225 1937 ⁴)
1256 1878 1286 1922 λ
1315 1879 1383 1926 19.
1413 1897 1446 1942 μ.
1465 1879 1564 1926 341.

124 1959 297 2005 Sirenes
339 1962 570 2005 scientiam
609 1959 772 2005 habent
813 1959 1050 2013 malorum,
1102 1974 1213 2018 quae
1254 1966 1298 2007 et
1325 1964 1481 2019 Argivi
1523 1970 1568 2009 et

216 2158 253 2201 1)
280 2169 312 2193 v.
339 2158 385 2194 94
407 2169 509 2193 canes
534 2169 552 2192 a
579 2158 732 2193 Vulcano
753 2157 971 2205 Phaeacibus
995 2159 1078 2192 facti
1104 2163 1273 2194 vocantur
1297 2160 1480 2200 ἀθάνατοι
1503 2164 1566 2208 pm)

128 2224 285 2276 ἀγὴρως.
322 2226 383 2261 sed
416 2230 512 2262 recte
545 2230 579 2262 et
614 2227 792 2262 Beckerus
825 2230 860 2262 et
884 2225 1099 2271 Koechlyius
1132 2227 1235 2272 (diss.
1261 2229 1289 2265 1.
1314 2240 1349 2274 p.
1375 2229 1441 2277 33)
1476 2232 1566 2267 hunc

127 2304 266 2330 versum
291 2297 454 2331 reiciunt.

217 2363 259 2411 2)
286 2365 352 2400 hoc
379 2365 544 2405 verbum,
584 2375 777 2411 quanquam
804 2366 982 2401 Beckerus
1018 2366 1153 2406 (sched.
1179 2367 1272 2403 hom.
1299 2379 1333 2414 p.
1360 2369 1438 2405 113.
1465 2372 1566 2417 177.)

129 2435 252 2468 contra
275 2433 372 2474 dicit,
400 2438 515 2469 tamen
542 2435 586 2468 K.
615 2434 677 2468 Fr.
703 2435 942 2469 Hermannum
979 2438 1163 2480 sequentes
1200 2437 1349 2481 (philol.
1374 2439 1404 2473 11
1427 2440 1496 2475 428
1522 2442 1567 2475 cf.

130 2498 313 2536 nuentzer.
342 2504 400 2537 die
426 2503 519 2537 hom.
536 2502 741 2537 Beiwb’rter
765 2506 830 2538 etc.
859 2503 1082 2548 Goettingen.
1111 2505 1212 2541 1859.
1238 2516 1272 2550 p.
1285 2505 1350 2552 27)
1378 2508 1569 2544 vertimus.-

131 2571 393 2608 ,meh-tessend‘.

219 2638 258 2684 3)
285 2640 494 2676 scholiastae
529 2641 826 2686 interpretantur:
867 2640 1175 2691 παρηκολούθησε
1201 2644 1237 2678 δὲ
1263 2644 1305 2678 τὸ
1331 2644 1396 2687 τὰς
1421 2645 1570 2695 πράξεις

133 2704 319 2753 ἇοιὸίμους
344 2709 533 2758 γενὶσθαι.

221 2776 261 2823 4)
290 2779 399 2814 schol.
425 2779 466 2813 ad
493 2780 524 2814 Φ
552 2780 643 2824 4643
667 2782 1028 2819 ὃειλῶντάσθινῶν
1054 2782 1262 2828 (ἀτυχῶν).

1205 2854 1230 2892 ὅ
1266 2858 1282 2875 t
