1771 3010
739 223 1080 266 „-40-

181 340 280 384 331.
322 347 362 385 θ’
388 340 486 384 289.
519 341 620 388 318.
652 341 753 385 306.
794 358 826 402 μ
859 341 927 385 63.
961 341 1029 383 65.
1063 340 1160 383 371.
1194 340 1293 382 377.
1330 341 1474 397 445¹).
1509 356 1528 380 ν
1558 340 1629 381 51.

181 420 278 466 127.
310 422 525 482 Κρονίδης
556 442 567 466 ι
600 424 697 468 552.
733 442 752 467 v
784 423 855 470 25.
888 423 1089 483 Κρονίων
1119 427 1157 467 θ
1186 421 1283 465 289.
1319 440 1345 465 κ
1374 422 1442 468 21.
1474 440 1506 482 μ
1527 419 1625 466 405.

177 502 276 546 399.
313 503 357 563 [λ
390 504 490 564 620]
521 501 773 566 Ὀλύμπιος
804 505 830 565 ζ
863 505 946 548 188
978 505 1082 556 Ζὲυς
1112 521 1130 547 ε
1161 501 1231 547 99.
1265 503 1361 546 128.
1398 503 1493 548 132.
1528 502 1626 547 146.

180 585 277 628 150.
313 587 410 631 176.
442 586 541 631 304.
573 586 672 630 382.
706 586 804 631 409.
841 587 867 645 ζ
897 587 996 630 207.
1028 585 1125 631 229.
1160 604 1182 645 η
1216 586 1314 629 250.
1346 584 1444 628 263.
1475 584 1622 630 3245.

174 664 276 709 308.
317 666 415 712 334.
459 667 555 713 488.
598 667 697 714 335.
739 667 837 714 432.
888 687 898 712 ι
930 666 1000 713 38.
1034 666 1103 712 52.
1138 666 1233 712 111.
1265 665 1362 711 262.
1393 664 1494 711 270.
1526 665 1624 711 277.

175 747 273 794 294.
307 749 405 794 358.
439 750 539 794 479.
573 750 600 794 λ
622 751 722 797 217.
753 751 853 796 261.
886 751 984 796 297.
1016 750 1115 794 302.
1141 749 1241 793 318.
1265 749 1350 793 559
1382 747 1499 807 [568.
1521 750 1623 806 580]

171 847 206 889 μ
238 829 339 876 215.
372 830 457 876 415
504 832 603 876 416.

838 979 864 1028 ς’
899 976 965 1018 12.

289 1075 504 1127 Quoniam
544 1080 679 1133 igitur
720 1081 832 1122 hano
876 1080 1143 1137 quaestionis
1181 1081 1352 1135 partem
1392 1078 1449 1120 ad
1490 1077 1617 1119 finem

169 1156 481 1213 perduximus,
513 1160 696 1205 relicum
728 1164 796 1205 est
826 1166 872 1205 ut
903 1162 1049 1207 omnia
1077 1160 1361 1218 respicientes
1391 1158 1618 1202 videamus

168 1250 274 1280 num
306 1239 361 1283 ab
393 1240 476 1284 hac
506 1246 633 1299 parte
663 1243 708 1286 id
742 1242 858 1300 quod
890 1255 1024 1301 supra
1054 1241 1348 1293 efficiebatur,
1388 1243 1436 1283 ut
1466 1251 1616 1283 omnes

169 1319 331 1364 emboli
361 1321 464 1365 libri
494 1323 549 1366 ab
581 1338 667 1367 uno
698 1328 830 1381 poeta
860 1324 1080 1381 conpositi
1110 1327 1280 1374 essent,
1322 1321 1531 1365 fulciatur
1560 1333 1618 1364 an

166 1400 471 1456 redarguatur.
522 1408 653 1463 atque
696 1420 718 1450 e
749 1406 919 1449 ratione
961 1405 1160 1463 quidem,
1201 1416 1289 1462 qua
1327 1401 1532 1460 ‚Iuppiter
1573 1404 1616 1445 et

167 1493 267 1524 cum
300 1483 393 1526 deis
419 1488 463 1528 et
488 1498 587 1528 oum
618 1486 866 1530 hominibus
898 1488 1154 1529 coniunctus
1175 1488 1254 1537 est,
1285 1485 1360 1526 vix
1383 1485 1614 1540 quisquam

165 1562 258 1606 eius
288 1569 496 1610 naturam
541 1572 672 1625 atque
712 1571 977 1626 potestatem
1007 1569 1053 1612 in
1084 1567 1268 1611 diversis
1306 1564 1431 1608 libris
1471 1564 1614 1608 diver-

162 1656 257 1686 sam
291 1658 387 1688 esse
421 1649 622 1692 coniciat.
656 1663 758 1693 nam
780 1650 897 1706 quod
927 1650 973 1693 in
992 1649 1261 1706 quaestionis
1293 1646 1474 1690 exordio
1510 1659 1613 1688 con—

159 1725 381 1771 tendimus
435 1729 667 1787 imperium
721 1744 938 1788 nusquam
983 1731 1181 1775 terminis
1231 1728 1612 1785 circumscriptum

161 1818 257 1849 esse
289 1821 369 1852 neo
402 1810 645 1860 definitum,
675 1813 719 1855 id
747 1815 809 1855 eis
842 1826 952 1869 quae
984 1818 1190 1855 secuntur
1220 1810 1350 1867 plane
1382 1810 1611 1853 confirma-

156 1890 243 1930 tur.
288 1889 556 1935 inducuntur
601 1893 715 1936 enim
759 1907 940 1945 uxores,
971 1893 1101 1936 liberi
1114 1911 1124 1944 3
1169 1893 1243 1948 qui
1273 1894 1486 1948 repugnet
1517 1891 1610 1933 eius

156 1967 375 2014 voluntati
407 1985 534 2016 nemo
567 1974 800 2017 invenitur.
856 1974 933 2017 sed
964 1987 1017 2017 ne
1048 1973 1243 2016 rationes
1275 1972 1464 2029 quidem,
1496 1984 1608 2027 quae

157 2050 195 2091 ei
229 2063 327 2093 oum
361 2051 611 2097 hominibus
652 2055 948 2107 intercedunt,
994 2055 1231 2112 quidquam
1270 2052 1433 2096 habent
1473 2051 1606 2095 offen-

155 2130 313 2184 sionis;
359 2137 402 2176 et
433 2147 532 2177 cum
571 2136 733 2178 imbres
775 2135 959 2179 effundit
997 2139 1041 2178 et
1072 2149 1170 2178 oum
1208 2134 1405 2191 hospites
1445 2137 1605 2185 tuetur,

153 2211 298 2258 ubivis
342 2214 577 2273 imperium
618 2233 705 2261 non
738 2223 805 2262 est
835 2218 1121 2262 deminutum.
1168 2217 1260 2261 eius
1290 2206 1495 2260 voluntas
1527 2229 1604 2259 au-

152 2297 242 2338 tem
272 2294 383 2340 Fato
417 2297 526 2341 adeo
559 2311 647 2341 non
679 2305 746 2342 est
776 2298 998 2352 subiecta,
1028 2303 1078 2342 ut
1106 2312 1191 2342 vox
1225 2311 1337 2355 quae
1369 2301 1435 2341 est
1464 2298 1603 2357 μοῖρα

150 2375 259 2419 nihil
289 2378 507 2433 significet
536 2380 623 2424 nisi
651 2385 817 2424 sortem
859 2380 1108 2427 hominibus
1138 2393 1166 2423 a
1197 2380 1290 2424 deis
1321 2380 1604 2423 destinatam.

150 2456 230 2499 sed
272 2459 408 2502 etiam
440 2473 462 2503 e
494 2461 695 2515 notione,
742 2475 853 2519 quae
894 2462 948 2506 de
979 2461 1103 2505 Jovis
1145 2460 1368 2505 domicilio
1407 2473 1460 2504 ae
1499 2460 1602 2504 sede

149 2543 365 2598 concepta
408 2547 498 2595 est,
547 2542 627 2586 hoe
668 2542 902 2587 embolium
934 2543 989 2587 ab
1022 2557 1106 2587 uno
1153 2547 1285 2601 poeta
1311 2542 1602 2600 >conpositum

149 2649 201 2657 μ-
209 2652 292 2659 -ψ-ψ

242 2726 280 2772 1)
311 2727 425 2765 schol.
453 2725 496 2763 ad
520 2728 589 2764 445
615 2739 665 2775 sq.
704 2725 920 2766 νοθεύονται
958 2727 1034 2766 δύο.
1081 2729 1124 2764 cf.
1153 2727 1313 2765 Nitzsch.
1355 2725 1602 2772 Saqenpoesie

145 2806 178 2836 μ.
209 2797 287 2832 133.
