1771 3010
678 143 877 214 ,49
971 196 1026 202 ..

126 291 322 349 primum
353 293 706 335 conmemoratur
738 288 964 346 Olympus.
996 301 1101 332 nam
1133 306 1160 331 α
1196 290 1279 334 102
1307 289 1493 346 legimus

125 371 191 428 βῆ
224 369 271 413 δὲ
302 372 405 414 κατ’
438 364 711 431 Οὐλύμποιο
752 369 959 429 καρήνων
992 368 1177 425 ἀίξασα,

127 452 161 506 β
193 451 263 496 68.
301 451 323 495 5
353 452 422 496 74.
457 451 555 496 173.
586 450 675 495 722
714 450 920 509 ,Iuppiter
961 455 1143 495 vocatur
1183 448 1458 514 Ὀλύμπιοςς
1506 454 1577 497 dei

49 595 53 599 .
126 534 255 592 7377
286 529 522 597 Ὀλύμπια
555 529 728 593 δώματ’
759 528 959 591 ἔχοντες.
991 532 1149 577 deinde
1181 536 1331 579 autem
1361 540 1577 581 vocantur

128 614 151 659 5
181 614 279 660 378.
313 615 396 660 479
429 613 500 661 τοὶ
534 608 723 675 οὐρανὸν
757 609 886 674 εὐρὺν
918 611 1121 673 ἔχουσιν.

244 697 453 756 Epitheta
471 696 629 754 quibus
662 699 875 740 ornantur
902 698 1006 739 sunt
1021 695 1175 742 haece:
1206 693 1410 757 μάκαρες
1439 696 1462 740 5
1477 696 1575 742 755.

129 777 227 840 ῥεῖα
260 777 450 839 ζώοντες
480 777 615 822 3805.
649 776 742 821 αἰὲν
776 774 920 831 ἐόντες
950 795 977 820 α
997 775 1097 820 263.
1117 777 1216 823 378.
1247 779 1281 832 β
1302 777 1399 823 143.
1430 778 1577 837 7147.

130 860 154 903 δ
184 860 282 905 583.
315 857 604 917 αἰειγενέται.
639 859 673 912 β
704 857 791 904 432
823 856 1059 903 α’θοὶνατοι
1093 877 1120 902 α
1152 859 1251 903 201.
1283 859 1382 904 420.
1413 860 1448 914 ,Β
1480 859 1577 907 432.

128 958 159 1000 γ
188 941 227 987 2.
255 941 324 987 47.
354 941 453 984 282.
484 939 584 985 333.
616 939 719 986 346,
760 938 861 985 468.
902 939 926 983 5
956 940 1055 986 378.
1085 941 1184 985 381.
1216 941 1315 987 385.
1349 941 1449 987 469.
1482 942 1580 988 479.

130 1023 228 1068 564.
245 1023 342 1068 586.
369 1021 469 1067 592.
503 1022 702 1067 homines
720 1027 824 1067 sunt
856 1021 1119 1082 ἐπιχθόνιοι
1154 1041 1182 1066 α
1202 1025 1297 1069 167.
1332 1022 1579 1084 ἀλφησταί

132 1124 160 1150 α
192 1105 290 1152 349.
338 1104 503 1165 θνητοί
545 1121 573 1147 α
604 1103 703 1147 219.
750 1121 779 1163 γ
809 1104 837 1148 3
869 1105 1161 1164 καταθνητοί
1199 1123 1230 1163 γ
1261 1105 1368 1160 114;
1413 1106 1580 1167 βροτοὶ

132 1206 161 1231 α
192 1187 290 1231 282.
321 1185 421 1231 337.
452 1185 605 1239 β216.
638 1203 668 1244 γ
697 1184 762 1230 13.
796 1185 819 1228 5
848 1185 918 1231 38.
954 1185 1049 1230 190.
1086 1185 1184 1231 196.
1219 1185 1318 1230 197.
1347 1186 1448 1233 397.
1481 1187 1580 1233 692.

128 1273 353 1329 postremo
385 1272 534 1312 autem
561 1267 659 1312 loeo
691 1281 899 1326 expresse
920 1282 1017 1312 eum
1034 1269 1126 1312 deis
1145 1269 1456 1315 inmortalibus
1477 1284 1580 1315 eon-

130 1355 346 1411 parantur
378 1350 454 1407 (cf.
489 1367 516 1392 α
538 1348 636 1394 282.
670 1349 703 1403 β
722 1349 820 1393 216.
856 1349 878 1393 5
895 1350 966 1394 78.
997 1349 1117 1407 397).
1151 1352 1204 1395 de
1220 1365 1371 1396 eorum
1401 1354 1582 1397 miseria

131 1434 210 1478 vix
238 1434 382 1477 minus
415 1446 546 1491 saepe
577 1431 763 1488 legimus
795 1446 927 1490 quam
956 1433 1004 1476 in
1020 1433 1220 1478 embolio.
1253 1435 1433 1478 miseria
1466 1436 1583 1477 enim

131 1514 324 1560 Menelai
354 1517 705 1558 eonmemoratur
738 1512 761 1555 5
790 1513 858 1558 81.
892 1512 961 1556 95.
1010 1514 1258 1559 Telemachi
1289 1532 1319 1556 α
1350 1514 1450 1560 244.
1502 1514 1583 1559 Pe—

132 1595 312 1653 nelopes
354 1593 376 1636 5
407 1593 506 1638 722.
569 1594 711 1638 Ulixis
751 1594 785 1646 β
819 1593 915 1638 174.
970 1595 1237 1638 Achivorum
1279 1611 1309 1653 γ
1341 1595 1436 1638 100.
1485 1595 1581 1639 103.

135 1676 233 1719 116.
251 1674 351 1719 220.
385 1674 405 1716 5
430 1673 528 1717 330.
563 1679 607 1720 et
625 1688 877 1733 quanquam
905 1675 1103 1720 homines
1135 1676 1183 1719 in
1195 1677 1450 1720 universum
1481 1682 1586 1720 sunt

134 1756 307 1818 ὀιζυροί
351 1756 395 1814 (5
428 1756 545 1814 197),
578 1760 727 1801 tamen
769 1760 870 1801 ante
912 1770 1062 1800 omnes
1095 1756 1247 1800 Ulixes
1291 1756 1314 1798 5
1347 1757 1444 1799 152.
1479 1757 1585 1810 170;

134 1851 263 1882 nemo
295 1837 564 1882 Achivorum
595 1840 724 1881 tanta
754 1837 879 1892 tulit,
911 1841 1076 1895 quanta
1106 1839 1201 1895 ipse
1234 1836 1256 1879 5
1289 1837 1396 1891 106;
1444 1843 1586 1882 mater

137 1933 236 1963 eum
266 1920 460 1962 omnium
489 1919 785 1962 miserrimum
815 1918 987 1976 peperit
1017 1934 1047 1976 γ
1076 1917 1146 1961 95.
1181 1916 1203 1960 5
1220 1917 1305 1961 325
1320 1921 1370 1974 ¹).
1404 1923 1585 1965 vocatur

137 1996 369 2062 κάμμορος
407 1999 441 2053 β
473 1997 572 2043 351.
612 1997 917 2058 ταλασίφρων
948 2017 978 2057 γ
1008 2001 1076 2044 84.
1118 2014 1257 2057 neque
1289 2013 1391 2044 vero
1424 2000 1586 2044 absunt

134 2081 223 2125 loci
254 2081 410 2139 quibus
451 2080 650 2125 homines
682 2081 776 2125 deis
808 2093 904 2125 esse
938 2082 1210 2140 propinquas
1250 2082 1446 2138 adparet.
1496 2081 1585 2125 He·
1679 2110 1681 2112 -

135 2163 239 2208 lena
270 2163 386 2207 enim
415 2166 599 2207 vocatur
630 2161 652 2204 δ
685 2161 782 2207 184.
814 2161 899 2204 219
930 2159 1034 2216 Διὸς
1065 2162 1323 2220 ἐκγεγαυῖα.
1365 2160 1451 2204 227
1482 2159 1587 2215 Διὸς

137 2245 373 2304 θυγατήρ.
433 2243 662 2288 Menelaus
691 2246 794 2301 post
834 2247 1021 2287 mortem
1051 2244 1097 2287 in
1128 2243 1285 2301 elysio,
1331 2244 1447 2301 quod
1479 2244 1587 2288 diei-

138 2331 209 2371 tur
239 2325 377 2370 vitam
408 2326 511 2380 agit.
545 2324 586 2380 (5
618 2324 702 2367 560
730 2327 842 2383 sqq.)
875 2327 977 2383 quia
990 2325 1202 2369 Helenam
1231 2326 1276 2368 in
1307 2324 1587 2368 matrimonio

138 2406 340 2463 habet2).
385 2405 615 2450 Patroclus
646 2412 830 2451 vocatur
862 2423 890 2464 γ
925 2406 1020 2461 110,
1053 2404 1210 2451 Neleus
1242 2423 1271 2463 ’γ
1301 2404 1386 2449 409
1418 2403 1587 2463 θεόφιν

234 2605 273 2653 1)
302 2606 358 2641 hic
384 2616 508 2642 versus
534 2617 552 2641 a
578 2605 737 2642 Beckero
764 2610 976 2649 removetur,
1004 2616 1022 2640 a
1048 2604 1269 2641 Kirchhoffio
1297 2609 1475 2640 servatur.

234 2676 276 2721 2)
303 2676 339 2710 hi
364 2685 489 2710 versus
502 2675 684 2710 Nitzschio
709 2674 770 2721 (ad
787 2674 912 2721 Odyss.
929 2674 998 2711 111.
1023 2684 1057 2721 p.
1073 2673 1159 2720 352)
1186 2676 1308 2710 contra
1330 2674 1468 2710 dicente
1495 2678 1591 2711 recle

143 2756 161 2779 a
187 2744 410 2780 Kirchhoffio
438 2745 570 2780 servati
596 2747 688 2781 sunt.
740 2755 934 2790 quanquam
958 2744 1027 2780 569
1053 2745 1195 2789 spurius
1221 2744 1372 2778 videtur.

1287 2814 1314 2858 4
