1771 3010
734 235 786 242 .-
878 211 933 254 43
1024 238 1075 243 w

177 327 448 385 argumentis
479 329 590 372 satis
621 326 926 384 conprobatur.
973 341 1113 386 neque
1142 330 1257 373 enim
1290 328 1432 373 solum
1462 328 1610 373 Ulixes

176 408 367 457 miseriis
409 414 478 454 est
514 408 739 461 adfectuS,
784 409 862 452 sed
901 408 1099 454 homines
1138 411 1185 455 in
1222 412 1476 457 universum
1516 416 1617 456 sunt

180 490 320 536 δειλοί
362 496 406 537 et
442 490 631 550 θνητοί,
673 490 744 535 dei
783 488 986 551 μάκαρες
1019 495 1065 536 et
1104 489 1350 538 ἀθάνατοι.
1412 494 1617 553 Juppiter

177 572 425 618 hominibus
467 577 512 616 et
552 572 678 616 bonis
719 577 763 617 et
791 573 918 617 malis
958 587 1029 617 res
1067 575 1284 619 secundas
1325 581 1370 620 et
1407 578 1619 621 adversas

179 659 396 710 decernit,
441 655 947 713 quomodocunque
987 655 1036 699 ei
1075 655 1268 714 placet
1306 655 1356 715 (ζ
1389 658 1505 713 188).
1532 671 1621 701 non

179 740 495 798 Polyphemum
535 750 721 781 caecans
761 736 913 780 Ulixes
955 737 1137 780 deorum
1181 739 1330 782 odium
1360 740 1405 781 in
1438 752 1485 782 se
1515 751 1619 782 con-

179 822 325 874 vertit,
357 820 434 864 sed
464 818 643 863 miseria
672 817 873 863 adfectus
895 822 962 864 est
981 832 1036 864 ex
1059 833 1144 878 quo
1158 820 1532 875 Agamemnonem
1551 834 1621 865 se-

181 907 308 947 cutus
350 906 418 946 est
458 900 631 945 Troiam
669 898 719 954 (λ
754 900 878 959 167),
924 905 968 944 et
1007 902 1207 959 quamvis
1247 901 1379 946 facile
1423 902 1619 946 dicamus

180 984 353 1042 culpam
383 984 478 1027 eius
508 986 677 1027 tantam
708 983 866 1034 fuisse,
896 986 946 1026 ut
976 996 1064 1026 non
1095 983 1239 1026 minus
1269 982 1506 1040 Penelopes
1538 984 1619 1027 mi-

181 1066 321 1109 seriae
352 1068 469 1108 esset
501 1077 677 1116 caussa,
706 1067 857 1107 tamen
886 1063 1137 1108 Nitzschius
1169 1064 1394 1108 contendit
1424 1063 1618 1127 homines

181 1160 268 1191 non
299 1159 464 1204 poenas
505 1145 751 1203 expendere
790 1144 875 1189 nisi
913 1150 1148 1203 postquam
1187 1146 1491 1203 peceaverint;
1540 1145 1620 1188 Pe-

181 1228 367 1285 nelopen
396 1231 543 1272 autem
573 1226 796 1270 miseriam
827 1227 1121 1271 conmeruisse
1148 1226 1268 1271 nullo
1297 1226 1394 1270 loeo
1418 1226 1619 1282 legimus.

181 1309 317 1353 multo
350 1308 490 1363 magis
514 1308 707 1365 'denique
739 1309 831 1352 eius
862 1309 1081 1352 sententia
1110 1308 1384 1366 probaretur,
1414 1310 1453 1353 si
1482 1307 1622 1352 homi-

181 1403 287 1434 num
327 1389 496 1448 eulpa
526 1393 580 1433 et
609 1389 889 1433 delictum
929 1393 1354 1445 eonmemoraretur,
1403 1404 1491 1434 non
1520 1391 1621 1435 mi-

141 1488 148 1494 *
183 1471 336 1515 seria
366 1475 419 1515 et
446 1470 630 1524 dolor;
662 1471 701 1515 si
722 1470 918 1516 homines
949 1485 1038 1515 non
1069 1471 1174 1528 ,qui
1197 1471 1493 1516 doloribus
1525 1472 1621 1516 ad-

181 1553 330 1597 fecti
358 1551 522 1606 sunt’,
566 1552 645 1597 sed
675 1553 780 1611 ,qui
809 1565 1021 1610 poenas
1052 1550 1225 1597 luunt’
1255 1558 1529 1598 vocarentur.
1579 1558 1624 1598 et

183 1648 434 1694 quanquam
475 1648 562 1677 non
603 1633 737 1697 nullis
775 1633 885 1678 locis
927 1635 1133 1679 miseriae
1172 1647 1227 1678 ex
1266 1635 1385 1679 vitiis
1425 1638 1621 1687 manant,

181 1719 332 1761 tamen
360 1714 558 1773 pluribus
584 1714 808 1759 hominum
831 1714 960 1772 culpa
984 1715 1077 1759 deis
1098 1715 1206 1758 nihil
1224 1720 1290 1760 est
1308 1717 1395 1760 nisi
1412 1720 1624 1774 exoptata

183 1798 378 1847 occasio,
409 1809 496 1854 qua
525 1809 572 1840 se
592 1798 655 1841 eis
678 1796 882 1840 fortiores
903 1808 1023 1849 esse3
1055 1809 1141 1840 nen
1160 1796 1286 1847 illos,
1317 1797 1395 1841 sed
1426 1811 1473 1841 se
1502 1798 1623 1855 ipsos

181 1892 279 1924 esse
303 1876 528 1939 ,μάκαρες,
564 1876 660 1936 ῥεῖα
681 1875 882 1936 ζώοντες,
907 1874 1157 1922 decimato?
1181 1879 1411 1923 ostendere
1428 1881 1622 1937 possint;

181 1961 265 2005 ita
293 1964 353 2005 ut
382 1972 661 2018 persaepe
688 1959 945 2003 homines
975 1972 1081 2002 non
1104 1960 1230 2003 ideo
1251 1973 1466 2017 poenas
1489 1961 1625 2005 dare

183 2042 505 2094 videantur,
555 2042 699 2098 quod
742 2044 1149 2097 peccaverunt,
1192 2041 1291 2085 sed
1332 2041 1454 2085 ideo
1495 2055 1625 2099 pee—

186 2137 341 2174 care,
372 2127 434 2166 ut
463 2135 673 2179 poenas
705 2122 852 2164 dent.

298 2204 419 2257 Quae
448 2218 547 2248 cum
575 2204 641 2247 ita
669 2204 781 2250 sint,
826 2216 932 2246 num
971 2203 1093 2259 prius
1123 2201 1234 2245 illud
1263 2202 1444 2245 deorum
1476 2205 1627 2247 conei-

184 2284 291 2328 lium
322 2299 409 2329 non
440 2285 584 2328 minus
618 2297 749 2342 quam
779 2283 967 2328 alterum
995 2283 1310 2328 removendum
1343 2296 1444 2328 esse
1474 2297 1626 2330 cense-

182 2366 354 2411 bimus?
399 2371 446 2410 at
475 2366 576 2410 hinc
615 2379 755 2410 novae
791 2367 992 2410 oriuntur
1032 2364 1328 2409 difficultates.
1386 2365 1470 2410 hoo
1510 2367 1628 2410 enim

185 2446 372 2492 alterum
405 2448 459 2492 ab
475 2461 527 2491 eo
558 2448 866 2506 interpositum
896 2460 1005 2501 esse,
1038 2447 1112 2504 qui
1141 2446 1278 2492 libros
1308 2446 1402 2499 β-δ,
1432 2460 1545 2505 quos
1569 2447 1626 2492 ab

184 2543 270 2573 uno
302 2534 434 2588 poeta
464 2530 717 2587 conpositos
747 2542 844 2573 esse
873 2529 990 2573 infra
1016 2529 1268 2581 evineetur,
1299 2540 1399 2572 cum
1426 2528 1504 2572 illo
1531 2543 1626 2574 em-

185 2608 301 2655 bolio
344 2611 573 2655 coniunxit
613 2624 725 2655 unus
766 2610 949 2668 quisque
986 2610 1200 2668 pervidet.
1261 2622 1364 2654 nam
1403 2609 1475 2655 hic
1515 2611 1626 2656 adeo

185 2692 413 2746 cogitabat
453 2691 785 2745 Telemachum,
824 2691 905 2748 qui
942 2690 1006 2734 ibi
1046 2691 1213 2749 primas
1252 2690 1366 2746 agit,
1409 2694 1461 2736 ut
1497 2691 1626 2737 huius

183 2773 311 2816 modo
346 2786 504 2817 caussa
533 2772 690 2816 Jovem
714 2771 855 2816 Ulixis
886 2771 1076 2816 reditum
1107 2772 1415 2819 decernentem
1446 2773 1623 2818 faceret.
