1771 3010
708 158 1054 199 -17-

161 273 436 317 adferuntur.
496 272 567 318 hic
613 275 730 319 enim
777 274 977 320 homines
1032 288 1120 318 non
1169 288 1335 332 poenas
1376 275 1483 318 dare
1535 277 1615 320 uisi

163 356 446 413 peccaverint
490 356 691 413 exemplo
734 357 985 400 confirmari
1027 357 1314 411 existimat.¹)
1377 362 1512 414 atque
1557 359 1621 401 ita

165 449 219 481 ea
252 450 448 494 quoque,
491 451 602 495 quae
646 437 873 481 Beckerus
917 443 1073 481 contra
1112 438 1307 482 Mercuri
1354 439 1622 493 legationem

164 517 273 561 dicit
291 517 341 575 2),
382 518 654 563 refelluntur.
717 531 821 562 nam
868 531 953 575 quo
1011 519 1142 562 modo
1186 519 1344 562 melius
1395 519 1623 563 hominum

168 600 418 644 voluntates
450 614 546 643 esse
577 600 741 643 liberas
774 600 1071 642 demonstrari
1109 605 1269 656 potest,
1302 614 1434 657 quam
1466 602 1503 643 si
1526 603 1623 657 quis

167 681 347 725 deorum
379 685 634 739 praecepta,
667 680 867 739 quaead
897 681 1044 738 ipsum
1078 694 1288 738 expresse
1320 681 1468 726 delata
1509 691 1625 735 sunt,

166 764 409 811 contemnit
438 764 589 819 eisque
619 766 868 820 repugnat?

284 844 423 890 Multo
455 848 602 888 autem
633 845 841 899 graviora
871 849 974 889 sunt
1005 858 1117 902 quae
1164 849 1319 890 contra
1349 844 1476 889 Jovis
1521 859 1627 889 cun-

171 927 410 970 ctationem
434 927 706 969 adferuntur.
739 940 844 969 nam
860 928 1049 984 septimo
1082 928 1258 969 demum
1290 928 1361 970 die
1382 927 1628 971 Mercurius

172 1006 374 1062 legatur,
418 1007 684 1065 interposito
717 1011 865 1051 autem
896 1011 1093 1066 tempore
1126 1007 1414 1052 Telemachus
1447 1009 1504 1052 ad
1543 1006 1630 1051 Ne-

172 1093 337 1132 storem
369 1092 412 1132 et
444 1090 500 1132 ad
522 1088 772 1133 Menelaum
803 1101 849 1132 se
883 1089 1066 1132 confert.
1130 1102 1208 1133 suo
1242 1094 1390 1133 autem
1421 1090 1515 1132 iure
1547 1088 1631 1132 Be-

173 1170 334 1214 ckerus
383 1169 465 1214 hoc
505 1171 589 1214 iter
640 1184 821 1227 prorsus
872 1183 1248 1228 supervacaneum
1298 1175 1429 1228 atque
1478 1169 1634 1214 inutile

173 1265 270 1295 esse
303 1252 423 1295 dicit.
458 1251 790 1304 ,Telemachusf
820 1252 977 1308 inquit,
1014 1265 1073 1303 ‚se
1107 1252 1302 1295 oblectat
1334 1252 1503 1309 aliquot
1541 1253 1635 1295 dies

175 1334 293 1391 apud
325 1333 450 1386 illos,
496 1346 636 1390 neque
669 1334 909 1390 quidquam
952 1333 1005 1376 de
1048 1337 1174 1390 patre
1221 1334 1473 1387 cognoscit,
1518 1334 1636 1391 quod

176 1415 264 1473 ipsi
296 1414 425 1459 huius
458 1415 709 1472 excipiendi
742 1419 874 1471 atque
906 1415 952 1457 in
983 1428 1167 1470 regnum
1200 1414 1464 1458 restituendi
1501 1415 1638 1459 {acul-

174 1501 312 1541 tatem
355 1497 458 1541 det.‘
521 1501 568 1540 at
613 1511 701 1540 non
745 1496 887 1539 solum
931 1496 1102 1540 inutilis
1135 1501 1203 1539 est
1248 1496 1356 1539 haec
1399 1498 1637 1543 cunctatio,

177 1579 256 1621 sed
298 1578 431 1621 etiam
480 1578 744 1634 perniciosa.
805 1590 909 1619 nam
953 1576 1104 1619 Ulixes
1151 1575 1401 1620 Phaeacum
1445 1577 1638 1620 insulam

176 1673 276 1702 non.
295 1658 508 1712 vigesimo
531 1659 661 1701 tertio
695 1658 814 1713 capit
833 1658 917 1709 die,
950 1671 1050 1700 eum
1062 1657 1294 1713 Neptunus
1320 1658 1439 1713 apud
1455 1657 1637 1700 Aethio-

180 1753 259 1797 pes
291 1738 509 1796 epulatur,
541 1739 620 1782 sed
651 1738 999 1793 undetrigesimo
1034 1739 1236 1791 demum,
1268 1738 1333 1781 ita
1363 1742 1412 1781 ut
1446 1737 1521 1782 ille
1551 1739 1641 1781 iam

178 1821 353 1864 rediens
380 1834 481 1863 eum
512 1820 746 1874 naufragio
780 1824 926 1864 vexet.
989 1824 1121 1876 atque
1152 1819 1407 1862 Nitzschius
1451 1820 1642 1875 quidem,

180 1905 229 1944 ut
258 1901 372 1944 hanc
403 1901 729 1945 cunctationem
761 1899 943 1956 probet,
975 1900 1133 1944 Jovem
1163 1901 1315 1943 fratris
1362 1913 1526 1943 numen
1572 1914 1640 1943 re-

180 1982 324 2025 vereri
366 1982 512 2026 adfert
525 1979 574 2034 ³).
628 1981 829 2037 quamvis
873 1981 989 2023 enim
1033 1980 1230 2035 singulos
1262 1981 1369 2024 deos
1416 1981 1644 2023 conmuni-

183 2061 265 2105 bus
298 2062 496 2105 consiliis
530 2061 813 2105 oboedientes
845 2061 996 2111 faciat,
1029 2064 1182 2104 tamen
1213 2075 1314 2105 eum
1346 2060 1550 2103 similiter
1574 2066 1643 2103 at-

184 2156 268 2199 que
299 2144 345 2186 in
376 2141 513 2186 Iliade
544 2143 732 2186 invitum
762 2142 911 2186 facere
936 2146 986 2185 ut
1018 2141 1093 2184 alii
1125 2155 1292 2184 morem
1317 2154 1473 2196 gerens
1507 2140 1645 2183 alium

184 2223 392 2268 offendat.
442 2228 489 2269 at
531 2238 631 2268 cum
663 2238 685 2267 e
717 2223 919 2268 versibus
953 2240 971 2265 ε
1002 2223 1088 2266 288
1121 2227 1164 2267 et
1198 2240 1209 2264 ι
1240 2224 1327 2266 532
1369 2226 1496 2279 patet
1525 2221 1646 2279 Nep-

183 2309 341 2349 tunum
371 2305 480 2349 nihil
510 2318 653 2363 posse
673 2305 760 2348 nisi
777 2304 919 2347 Ulixis
951 2304 1143 2347 reditum
1177 2304 1420 2355 retardare,
1452 2308 1546 2346 tum
1567 2302 1644 2346 hu—

282 2514 320 2559 1)
348 2515 392 2549 cf.
421 2514 608 2549 Lehrsium
634 2523 667 2558 p.
694 2512 775 2549 425.

281 2584 319 2627 2)
347 2592 425 2618 nam
452 2594 486 2629 p.
515 2581 582 2618 104
606 2592 682 2617 eam
708 2581 794 2617 dicit
829 2583 923 2625 ‚eine
949 2581 1002 2615 bis
1029 2591 1096 2616 zur
1122 2579 1337 2615 Athernheit
1358 2582 1652 2625 phleymatische

185 2650 466 2688 Intervaention‘.
635 2633 639 2637 ”

283 2719 323 2764 3)
351 2721 392 2755 nd
421 2721 548 2767 θεὴ-ετ.
576 2721 643 2757 ΙΙΙ.
668 2721 780 2766 praef.
807 2730 841 2765 p.
868 2720 953 2756 ΧΠ,

1345 2791 1371 2833 m
