1771 3010
676 183 733 191 .-
822 157 877 201 37
968 182 1022 188 -.

132 278 294 324 talibus
338 275 590 320 hominibus
637 274 921 318 conferuntur
963 273 1006 329 (ε
1040 271 1135 315 101.
1187 269 1281 317 129.
1329 267 1424 312 197.
1472 265 1573 310 213.

131 358 227 401 218.
270 355 298 415 ς
330 353 412 398 149
476 372 500 414 v,
532 353 632 397 210.
663 353 763 397 247.
811 371 823 396 ι
856 352 955 397 521.
1007 370 1033 394 κ
1064 351 1162 395 306.
1211 355 1233 393 a
1272 350 1369 394 244.
1410 365 1444 410 μ
1475 346 1576 391 386.

132 455 153 481 ν
171 437 268 480 112.
303 438 408 494 quid
439 450 543 480 vero
577 434 837 479 mortalibus
868 439 971 493 post
999 439 1187 479 mortem
1216 434 1485 478 destinatum
1514 429 1575 473 sit

130 519 293 577 optime
335 511 555 572 colligitur
594 530 615 559 e
647 531 717 560 vv.
750 515 780 557 λ
810 515 898 558 489
929 529 1023 573 sqq.
1058 515 1133 559 ubi
1161 512 1384 558 Achillem
1405 513 1573 557 -dicen-

127 604 215 644 tem
247 600 497 642 invenimus

238 677 494 739 βουλοίμην
529 678 568 720 κ’
600 677 845 738 ἐπάρουρος
876 676 956 721 ἐὼν
988 677 1238 737 θητευέμεν
1271 672 1401 731 ἄλλῳ

180 785 183 787 -
241 756 360 819 ἀνδρὶ
394 758 497 819 παρ’
529 758 717 820 α’κλὴρῳ
751 751 786 816 ᾦ
817 757 881 820 μὴ
912 759 1069 812 βίοτος
1099 753 1242 811 πολὺς
1271 755 1336 816 εἴη

238 838 267 898 2'7'
298 843 432 884 πᾶσιν
465 836 667 884 νεκύὲσσι
704 840 1098 901 καταφθιμένοισι
1132 838 1357 883 ἀνάσσειν.

122 920 382 979 quibuscum
427 923 711 978 conparanda
755 926 858 966 sunt
899 921 1033 966 verba
1077 935 1188 979 quae
1234 919 1263 962 λ
1295 918 1382 963 216
1421 917 1563 963 Ulixis

120 1006 264 1046 mater
294 1003 413 1045 dicit.

233 1082 294 1125 At
334 1083 408 1139 qui
447 1081 554 1126 haec
596 1084 792 1126 carmina
836 1084 1067 1141 conposuit
1112 1083 1221 1126 adeo
1261 1096 1350 1125 non
1392 1082 1438 1123 in
1478 1080 1560 1123 hac

117 1163 296 1206 deorum
327 1167 370 1206 et
399 1162 624 1207 hominum
654 1163 900 1207 differentia
931 1165 1162 1221 acquievit,
1194 1167 1242 1207 ut
1269 1162 1419 1206 multis
1448 1161 1557 1205 locis

117 1256 215 1287 cum
245 1242 334 1287 alia
364 1246 455 1287 tum
486 1243 679 1301 epitheta
718 1244 1017 1298 inveniantur,
1064 1244 1221 1302 quibus
1252 1243 1330 1287 illa
1360 1242 1555 1294 tollatur,

115 1324 424 1382 hominumque
454 1339 591 1381 genus
623 1326 715 1370 deis
754 1327 1013 1383 propincum
1043 1339 1137 1370 esse
1170 1325 1440 1369 ostendatur.
1487 1327 1555 1368 at-

115 1418 196 1462 que
225 1406 270 1448 in
287 1406 441 1463 primis
459 1405 680 1450 Phaeaces
711 1406 782 1451 hic
802 1410 905 1451 sunt
930 1406 1298 1450 conmemorandi.
1339 1406 1407 1449 his
1439 1405 1556 1448 enim

113 1486 328 1543 adparent
357 1487 427 1530 dei
466 1488 704 1531 manifesti.
751 1504 773 1545 ³7
807 1486 905 1531 201.
965 1488 1010 1531 hi
1042 1491 1143 1531 sunt
1186 1488 1279 1531 deis
1318 1487 1555 1544 propinqui

113 1583 135 1623 η
167 1565 264 1610 205.
298 1566 553 1626 διοτρεφέες
583 1584 601 1610 ε
633 1567 731 1611 378.
765 1566 989 1612 dvm-istem.
1033 1566 1059 1626 <
1091 1566 1201 1620 2413
1242 1567 1453 1611 Alcinous
1484 1566 1551 1610 di-

111 1649 222 1691 citur
253 1647 279 1705 ζ
304 1647 359 1691 12
388 1650 508 1692 θεῶν
541 1645 631 1691 ἄπο
663 1647 810 1704 μήδεα
843 1646 972 1701 εἰδώς.
1004 1662 1145 1705 neque
1166 1648 1306 1692 solum
1326 1652 1393 1691 est
1415 1652 1549 1692 θεου-

111 1726 204 1784 δής,
246 1729 323 1772 sed
354 1730 486 1773 etiam
515 1726 792 1782 θεοείκελος,
831 1733 870 1774 θ
898 1728 983 1772 256
1024 1742 1162 1787 aeque
1193 1742 1245 1773 ac
1283 1727 1550 1773 Nausithous

107 1813 232 1865 pater
264 1808 348 1867 (7.
380 1809 648 1867 θεοειδήςῑ).
709 1811 932 1856 Nausicaa
955 1811 1117 1854 dormit
1148 1809 1174 1868 ς
1198 1809 1251 1852 16
1283 1807 1547 1867 α’θανοὶτησι

108 1888 229 1947 φυὴν
265 1888 339 1932 καὶ
373 1886 483 1942 εἶδος
515 1890 668 1951 ὁμοίη,
701 1896 739 1936 θ
769 1890 855 1934 457
887 1896 1069 1935 vocatur
1098 1893 1219 1935 θεῶν
1252 1888 1341 1934 ἄπο
1377 1888 1549 1941 κάλλος

108 1965 307 2027 ἔχουσα,
350 1972 510 2015 fratres
553 1989 576 2028 η
610 1970 636 2014 5
669 1969 923 2024 ἀθανάτοις
955 1970 1215 2028 ἐναλίγκιοι.
1261 1984 1403 2028 neque
1441 1984 1544 2013 Vero

104 2050 246 2095 minus
288 2066 419 2109 quam
450 2052 495 2096 hi
525 2052 675 2096 Ulixes
716 2058 785 2097 est
812 2054 906 2097 deis
944 2053 1196 2111 propincus.
1240 2056 1289 2096 ut
1320 2053 1436 2096 enim
1465 2051 1543 2095 Al-

102 2131 297 2185 cinoum,
344 2134 408 2177 sic
448 2147 547 2177 eum
585 2147 754 2192 quoque
797 2137 958 2178 vocant
996 2149 1016 2175 ν
1047 2133 1103 2176 89
1143 2134 1265 2184 θεοῖς
1305 2131 1543 2189 ἐναλίγκια

101 2211 226 2270 μήδε’
259 2211 450 2273 ἔχοντα.
480 2215 691 2260 Alcinous
723 2217 831 2261 dicit
858 2204 965 2261 314
996 2229 1094 2259 eum
1125 2216 1296 2259 venisse
1326 2215 1373 2258 in
1402 2215 1540 2272 ipsius

101 2292 277 2339 domum
308 2282 443 2356 δὲμάς
473 2295 779 2349 ἀθανάτοισιν
822 2296 981 2356 ὁμοῖος.
1030 2297 1252 2341 Nausicaa
1283 2295 1440 2353 puellis
1473 2297 1541 2339 di-

100 2373 159 2417 cit
190 2374 217 2432 <
246 2376 332 2420 243

185 2456 258 2499 νῦν
291 2457 336 2500 δὲ
366 2460 515 2503 θεοῖσι
548 2457 689 2508 ἔοικε,
724 2456 793 2503 τοὶ
828 2454 1017 2519 οὐρανὸν
1051 2455 1179 2519 εὐρὺν
1212 2457 1412 2516 ἔχουσιν.

185 2640 223 2683 1)
249 2648 317 2687 quo
352 2643 454 2679 modo
486 2644 628 2679 differat
662 2645 820 2689 θερειδὴς
866 2657 882 2680 a
910 2645 1017 2680 verbo
1054 2643 1142 2691 quod
1181 2646 1234 2679 est
1268 2642 1422 2688 θεουδὴς
1459 2643 1537 2679 vide

96 2704 295 2746 Buttmanni
321 2712 419 2749 lexil.
448 2714 475 2748 1.
502 2725 537 2759 p.
567 2714 643 2750 169.
