1771 3010
759 212 1077 254 -4—

173 328 338 373 habeat
370 330 428 374 ad
459 328 660 373 fabulam
700 330 1081 387 progredientem,
1129 328 1286 372 deinde
1321 341 1434 385 quae
1466 327 1555 372 alia
1585 326 1640 371 de

171 411 266 454 eius
297 414 459 454 natura
491 414 623 468 atque
655 413 878 467 potestate
911 412 1127 455 dicantur.
1625 472 1630 474 4
1678 394 1686 400 “

288 492 542 536 Nitzschius
575 495 722 536 autem
756 491 1003 549 Odysseam
1034 492 1080 535 in
1112 491 1223 535 duas
1254 489 1433 534 fabulas
1465 490 1636 548 disper-

168 572 367 617 tiendam
407 586 504 618 esse
538 576 700 617 censet.
734 586 919 630 quarum
968 573 1111 617 altera
1142 586 1281 630 eaque
1314 571 1527 629 ampliore
1559 571 1636 616 de-

166 653 377 697 scribitur
419 668 503 712 quo
542 654 673 698 modo
704 654 859 698 Ulixes
901 668 1141 712 procorum
1172 653 1425 710 superbiam
1467 652 1635 697 auxilio

165 733 395 779 Minervae
426 734 646 779 ulciscens
678 739 830 793 partes
873 736 1090 794 suscipiat
1119 734 1268 783 Jovis‚
1316 735 1391 791 qui
1421 734 1634 790 gravissi-

165 829 262 860 mas
294 802 426 860 unius
471 817 683 873 cuiusque
714 816 894 861 sceleris
926 830 1095 874 poenas
1128 820 1330 873 expetat;
1376 814 1520 859 altera
1552 828 1631 859 au·
1683 866 1690 873 „

164 901 269 949 tem,
302 911 437 954 quam
463 896 701 941 embolium
732 910 829 941 esse
857 897 967 951 vult,
1001 911 1086 955 quo
1118 897 1249 940 modo
1282 897 1527 954 ipsescum
1543 894 1630 939 Po·
1660 918 1663 919 ν

161 977 367 1035 lyphemo
411 982 592 1022 caecato
636 977 901 1022 insolentius
944 992 991 1022 se
1029 980 1075 1022 in
1106 978 1362 1034 Neptunum
1405 975 1628 1027 extulerit,

160 1058 342 1101 deorum
376 1059 443 1102 ira
465 1063 509 1103 et
534 1072 678 1117 poena
709 1062 895 1102 vexetur
910 1061 959 1113 ¹).
1024 1059 1142 1117 quod
1170 1059 1227 1102 ad
1258 1056 1497 1102 embolium
1528 1069 1628 1101 cum

158 1140 246 1182 iam
279 1140 412 1197 primi
450 1139 553 1184 libri
594 1153 749 1184 versus
782 1140 841 1184 20
875 1153 969 1198 sqq.
1005 1145 1048 1183 et
1087 1140 1142 1183 68
1171 1153 1266 1197 sqq.
1301 1142 1523 1197 spectent,
1568 1136 1624 1181 ab

157 1233 207 1262 eo
241 1221 414 1263 initium
457 1222 711 1278 capiamus,
756 1221 888 1277 idque
930 1222 994 1263 ita
1035 1225 1083 1264 ut
1122 1221 1472 1278 pervestigemus
1513 1230 1625 1275 quae

155 1300 264 1343 fiant
297 1304 400 1344 ante
443 1301 555 1345 illud
599 1303 780 1346 deorum
830 1301 1090 1353 concilium,
1140 1301 1255 1358 quod
1304 1303 1371 1344 est
1412 1300 1458 1342 in
1491 1297 1623 1355 primi

159 1380 262 1423 libri
294 1381 488 1424 exordio.

835 1549 860 1598 ἐξ
891 1546 932 1588 3.

266 1624 389 1669 Haec
438 1629 585 1670 autem
633 1630 737 1670 sunt
788 1626 1011 1684 pericula,
1066 1639 1178 1683 quae
1221 1625 1372 1669 Ulixes
1414 1622 1616 1675 Alcinoo,

148 1704 398 1749 Phaeacum
431 1707 549 1761 regi,
593 1707 697 1750 inde
730 1720 756 1750 a
786 1706 901 1750 libro
942 1720 1056 1749 nono
1098 1718 1236 1763 usque
1278 1706 1335 1749 ad
1367 1703 1618 1749 duodecimi

146 1786 278 1830 finem
320 1791 488 1830 narrat.
556 1801 742 1843 quorum
787 1787 979 1843 primum
1021 1790 1088 1831 est
1127 1787 1441 1831 detrimentum
1485 1798 1512 1828 a
1543 1784 1616 1829 Gi-

148 1865 333 1910 conibus
366 1870 625 1925 acceptum,
672 1868 746 1925 qui
777 1880 908 1911 senos
950 1868 1095 1911 socios
1126 1867 1172 1910 in
1204 1866 1390 1922 singulis
1422 1864 1613 1910 navibus

144 1948 428 1991 interficiunt.
462 1948 645 2005 reliquis
677 1952 827 1992 autem
856 1948 941 1993 hac
971 1963 1018 1993 re
1050 1948 1179 1992 valde
1209 1948 1479 2006 perturbatis
1500 1945 1613 2005 Jup-

143 2028 260 2085 piter
290 2041 503 2083 magnam
536 2033 848 2087 tempestatem
881 2031 1073 2078 excitat,
1118 2033 1162 2073 et
1191 2029 1388 2087 periculo
1421 2042 1448 2073 a
1477 2027 1612 2074 Loto-

140 2108 299 2165 phagis
332 2109 575 2153 inminente
615 2111 690 2153 vix
735 2112 901 2154 evitato
945 2111 1002 2154 ad
1035 2110 1278 2168 Cyclopum
1320 2117 1486 2154 terram
1519 2122 1608 2163 ‚na-

142 2202 216 2233 ves
258 2190 504 2248 adpellunt.
544 2192 623 2235 sed
653 2190 746 2235 illic
777 2204 895 2235 nova
937 2191 1077 2235 instat
1118 2190 1366 2236 calamitas.
1413 2203 1518 2235 nam
1548 2188 1607 2242 hi,

139 2271 302 2329 quippe
344 2271 420 2329 qui
463 2271 578 2322 Jove
621 2271 855 2329 beatisque
906 2272 1001 2315 deis
1050 2271 1190 2316 multo
1243 2272 1517 2329 potentiores
1559 2284 1606 2330 se

136 2364 234 2395 esse
264 2352 536 2407 glorientur,
569 2366 643 2397 eos
677 2353 788 2397 adeo
820 2366 911 2396 non
944 2356 1101 2397 curant
1131 2366 1213 2397 nec
1243 2357 1525 2406 venerantur,
1555 2357 1607 2398 ut

133 2429 435 2491 Polyphemus
478 2433 644 2492 hospiti
682 2433 802 2490 leges
844 2433 977 2492 plane
1020 2438 1306 2478 contemnens
1348 2446 1428 2479 sex
1459 2433 1604 2478 socios

135 2513 286 2569 capiat
317 2518 561 2573 captosque
592 2516 789 2559 devoret.
821 2514 878 2559 ab
909 2514 1039 2559 Ulixe
1071 2519 1220 2560 autem
1252 2518 1459 2560 caecatus
1484 2514 1612 2572 Nep-⁴

132 2598 288 2639 tunum
328 2597 504 2653 patrem
543 2594 742 2654 inplorat
771 2597 822 2641 ut
854 2597 972 2641 omni
1004 2609 1089 2655 ope
1119 2599 1253 2654 atque
1285 2605 1422 2654 opera
1454 2594 1598 2641 enita-

135 2705 358 2713 -n-.-....-..-.-.
365 2708 378 2713 -

223 2755 262 2800 1)
289 2754 332 2790 ad
360 2755 488 2800 Odyss.
518 2757 571 2791 111
605 2759 717 2803 praef.
748 2770 782 2803 p.
808 2757 903 2813 XX&
