1771 3010
814 912 983 971 vita.

271 1110 428 1149 Paulus
459 1105 696 1149 Ludovicus
728 1109 986 1149 Guilibaldus
1019 1109 1203 1149 Nerrlich
1236 1113 1355 1150 natus
1387 1124 1474 1151 sum
1495 1113 1603 1163 Qua-

155 1193 310 1241 ritziae,
340 1192 429 1230 foro
449 1191 618 1229 Silesiae
644 1203 774 1241 prope
794 1191 1037 1243 Glogoviam
1062 1193 1249 1243 Magnam
1273 1193 1365 1242 sito,
1398 1196 1489 1231 anni
1515 1195 1555 1232 h.
1571 1207 1602 1234 s,

153 1273 282 1314 XLIV
323 1272 470 1311 mensis
512 1269 691 1325 Augusti
731 1272 796 1311 die
833 1272 947 1311 XXV
984 1274 1099 1324 patre
1141 1273 1320 1312 Hem-ico
1360 1278 1600 1325 mercatore,

153 1358 285 1393 matre
300 1353 424 1393 Luisa
450 1365 471 1389 e
497 1355 616 1403 gente
634 1353 907 1396 Hoffmannia.
939 1354 1059 1392 fidem
1090 1354 1284 1393 confiteor
1315 1356 1601 1407 evangelicam.

155 1450 262 1476 anno
293 1436 384 1475 LIV
411 1436 518 1474 inter
549 1434 772 1486 discipulos
813 1436 1012 1488 gymnasii
1050 1436 1270 1488 evangelici
1303 1436 1601 1489 Glogoviensis‚

156 1519 266 1569 quod
295 1521 383 1556 tum
406 1516 541 1556 Klixio
583 1519 745 1555 rectore
785 1516 903 1555 valde
942 1516 1136 1567 florebat,
1175 1523 1363 1569 receptus
1396 1531 1500 1557 sum.
1532 1519 1601 1557 ubi

152 1601 398 1640 maturitatis
432 1599 541 1649 quod
574 1603 720 1637 vocant
751 1599 1023 1637 testimonium
1055 1612 1092 1639 a.
1115 1598 1264 1640 LXIII.
1299 1600 1469 1650 adeptus
1488 1602 1599 1652 apud

153 1682 430 1720 universitatis
471 1680 828 1732 Heidelbergensis
874 1679 1056 1717 ordinem
1086 1680 1423 1731 philosophorum
1454 1694 1600 1721 nomen

152 1763 358 1814 professus
389 1775 492 1803 sum.
543 1764 667 1810 atque
696 1763 869 1811 primum
903 1761 1066 1810 quidem
1109 1774 1225 1799 omne
1257 1763 1339 1799 fere
1369 1765 1529 1813 tempus
1561 1765 1601 1801 in

152 1844 411 1896 theologiae,
464 1842 768 1894 philosophiae,
817 1842 1012 1880 historiae
1063 1842 1197 1881 studio
1248 1828 1548 1895 consumpsiet
1579 1859 1601 1884 a

152 1926 326 1975 Rotffio,
368 1924 552 1972 Zellero,
593 1922 786 1974 Lemkio,
817 1923 1075 1973 Haeussero,
1114 1938 1285 1975 quorum
1327 1927 1486 1966 scholas
1518 1927 1600 1966 sre-

155 2008 424 2059 quentabam,
473 2018 630 2045 summo
663 2006 761 2055 quid
791 2007 844 2045 sit
870 2019 1034 2055 verum,
1071 2006 1244 2057 bonum,
1288 2008 1471 2058 pulcrum
1503 2022 1600 2062 cog-

156 2089 348 2129 noscendi
378 2088 523 2127 ardore
566 2088 834 2127 inflammatus
864 2101 965 2128 sum.
1022 2089 1092 2126 sed
1125 2102 1174 2127 ne
1211 2089 1478 2141 philologicae
1510 2093 1600 2141 qui-

155 2171 246 2210 dem
268 2169 507 2221 disciplinae
537 2168 867 2221 neglegebantur.
902 2169 1066 2207 interfui
1098 2171 1202 2208 enirn
1234 2170 1382 2210 scholis
1408 2171 1600 2221 Kayseri,

154 2253 377 2301 Koechlyi,
423 2249 591 2293 Starkii.
635 2251 818 2302 inprimis
850 2262 947 2288 vero
980 2250 1184 2300 Berolini,
1228 2264 1307 2302 quo
1339 2264 1442 2291 anno
1476 2253 1601 2294 LXIV

154 2336 326 2373 exeunte
356 2345 420 2371 me
459 2332 636 2381 contuli,
679 2334 807 2370 totum
839 2344 901 2369 me
943 2330 1036 2369 dedi
1075 2332 1219 2370 studiis
1261 2333 1528 2386 philologieis.
1562 2338 1601 2373 et

153 2417 227 2454 hos
274 2415 435 2465 quidem
480 2415 590 2454 viros
632 2414 883 2452 doctissimos
925 2413 1116 2451 docentes
1155 2427 1229 2464 per
1269 2427 1337 2452 sex
1389 2416 1601 2454 semestria

153 2496 313 2536 audivi:
365 2495 666 2545 Bona-Meyer,
695 2495 861 2546 Haupt,
892 2494 1110 2544 Huebner,
1142 2495 1377 2545 Kirchhoff,
1417 2497 1600 2545 Lepsius‚

151 2579 397 2623 Mommsen,
441 2576 731 2625 Muellenhoff,
771 2577 936 2625 Ranke,
977 2576 1203 2625 Steinthal,
1243 2576 1596 2629 Trendeleuburg;

151 2674 228 2712 per
258 2673 406 2698 annum
438 2662 573 2698 autem
600 2661 730 2697 socius
760 2658 817 2697 fui
858 2659 1210 2706 exercitationum,
1257 2671 1357 2707 quas
1389 2658 1600 2709 Herrigius

150 2742 202 2779 ad
234 2742 414 2794 linguam
434 2740 811 2780 Franco-Gallicam
843 2739 1148 2791 perdiscendam
1180 2738 1477 2778 moderabatur.
1511 2741 1598 2789 qui-
