1771 3010
726 213 1075 259 ..20-

165 333 224 376 sit
254 331 381 375 Jovis
415 345 467 376 ae
500 333 694 390 Neptuni
726 333 936 377 conditio.
988 333 1121 375 immo
1152 330 1324 388 potiuS,
1359 329 1483 372 huius
1516 328 1627 371 adeo

164 426 252 456 non
276 413 326 456 fit
356 413 537 464 mentio,
569 417 619 456 ut
646 419 781 471 poeta
812 427 925 471 quae
956 414 1015 457 sit
1040 413 1132 457 eius
1156 412 1224 454 ira
1242 411 1286 454 in
1314 410 1490 453 Ulixem
1523 422 1627 453 con-

163 497 295 550 cepta
325 493 454 550 plane
488 495 659 538 nescire
691 495 909 538 videatur.
965 495 1041 538 sed
1075 495 1231 536 contra
1259 491 1405 535 ubivis
1437 491 1491 534 de
1522 503 1625 548 pro-
1695 543 1698 546 Ι

163 574 226 617 cis
258 578 302 618 et
333 574 387 618 de
420 574 681 619 Telemacho
715 575 874 630 agitur.
921 588 1171 633 quanquam
1205 573 1345 617 enim.
1380 572 1418 614 si
1448 583 1626 616 versum

164 655 363 712 quintum
398 659 674 713 spectamus,
708 657 955 700 orationem
988 657 1034 700 in
1065 653 1288 700 erroribus
1322 652 1625 697 describendis

160 740 437 779 versaturam
481 749 578 780 esse
621 738 923 795 suspicamur,
967 741 1116 781 tamen
1147 735 1191 779 hi
1222 733 1473 780 Telemachi
1517 745 1624 777 cura

82 827 90 832 ’
158 829 342 873 prorsus
374 817 690 870 obscurantur3
741 823 785 862 et
816 831 1068 881 quanquam
1101 833 1140 861 v.
1174 818 1214 860 6.
1275 815 1427 859 Ulixes
1458 814 1623 879 Miner-

158 911 240 941 vae
273 898 395 941 cordi
427 912 524 942 esse
556 899 755 952 videtur,
803 904 952 943 tamen
998 914 1096 943 eam
1137 898 1247 942 nihil
1290 900 1494 955 spectare
1536 896 1622 940 nisi

156 978 218 1022 fili
250 978 440 1023 salutem
474 990 597 1022 e'vv.
633 981 685 1024 18
718 993 812 1037 sqq.
848 981 1048 1037 adparet.
1103 993 1244 1037 neque
1275 978 1482 1036 Juppiter
1525 977 1620 1034 qui-

157 1061 255 1103 dem
290 1060 532 1117 quidquam
564 1061 791 1117 antiquius
824 1061 969 1112 habet,
1004 1075 1136 1118 quam
1160 1064 1209 1103 ut
1239 1060 1355 1103 filius
1386 1057 1619 1101 incolumis

154 1141 323 1191 redeat,
357 1140 575 1197 huiusque
607 1142 737 1185 modo
770 1143 932 1185 caussa
953 1142 1225 1185 Mercurium
1254 1140 1402 1196 legare
1429 1139 1615 1183 videtur.

154 1236 207 1264 ac
238 1221 377 1265 verba
408 1236 606 1280 quoque,
648 1223 806 1281 quibus
839 1224 954 1266 hunc
987 1222 1207 1281 adpellat,
1239 1237 1328 1265 non
1359 1224 1523 1265 vacant
1554 1220 1617 1263 of—

152 1304 366 1347 fensione.
400 1318 440 1346 v.
469 1304 539 1347 32.
573 1304 689 1348 enim
721 1303 896 1348 Ulixem
927 1304 1172 1348 rediturum
1205 1316 1302 1348 esse
1335 1290 1457 1347 dicit.
1669 1293 1677 1299 ’

300 1380 410 1426 οὔτε
443 1387 566 1426 θεῶν
600 1386 765 1444 πομπῇ
797 1380 904 1427 οὔτε
938 1388 1121 1443 θνητῶν
1155 1381 1422 1443 ἀνθρώπων.

150 1478 264 1523 quae
305 1465 507 1523 quamvis
549 1478 682 1524 saepe
724 1465 942 1510 formulae
982 1479 1094 1524 quae
1128 1466 1289 1510 dicitur
1323 1464 1467 1510 locum
1500 1463 1613 1509 obti-

147 1549 297 1597 neant,
328 1547 374 1589 id
398 1547 514 1603 quod
546 1547 770 1590 Ameisius
803 1548 1047 1605 adpendice
1079 1547 1269 1605 probare
1302 1546 1610 1598 conabaturf),

145 1630 298 1671 tamen
330 1626 572 1671 abhorrent
599 1627 653 1671 ab
677 1642 743 1677 eo,
775 1629 893 1685 quod
924 1632 1082 1686 postea
1114 1632 1158 1672 et
1180 1627 1432 1672 Leucothea
1464 1630 1508 1680 et
1528 1626 1612 1671 Mi-

144 1721 283 1751 nerva
313 1708 558 1750 maximam
589 1709 678 1751 vim
710 1707 876 1752 habent
907 1710 963 1753 ad
997 1708 1171 1753 Ulixem
1203 1709 1482 1753 servandum.
1533 1720 1608 1751 ne—

146 1802 229 1847 que
260 1790 406 1844 magis
428 1773 652 1846 >probatur
684 1790 801 1848 quod
831 1789 1016 1835 Faesius
1047 1791 1103 1834 ad
1134 1790 1250 1834 hunc
1280 1790 1425 1834 locum
1458 1792 1609 1833 censet

142 1869 318 1914 Ulixem
365 1883 451 1914 non
483 1870 789 1914 deducendum
822 1884 939 1924 esse,
986 1885 1040 1915 ne
1071 1871 1302 1929 Neptunus
1334 1871 1402 1914 ira
1430 1869 1605 1914 inflam-

139 1954 298 1994 metur.
364 1951 492 2008 quasi
532 1964 636 1994 vero
677 1950 748 1995 hic
786 1965 873 1995 non
904 1952 1038 1996 tacite
1080 1953 1304 1997 discedat.
1352 1964 1604 2010 quanquam

136 2032 263 2076 illum
294 2031 572 2076 Leucotheae
605 2033 756 2076 taenia
788 2033 957 2076 servari
988 2033 1121 2077 videt.
1167 2032 1436 2089 Koechlyius
1479 2032 1602 2075 deni-

138 2124 220 2169 que
253 2112 380 2165 (diss.
415 2110 433 2153 I
463 2125 505 2170 p.
538 2112 612 2167 13)
654 2116 787 2171 atque
817 2112 1015 2157 »Iacobus
1057 2116 1117 2171 (p.
1142 2113 1409 2170 392)2recte
1451 2112 1604 2157 dicunt

136 2183 377 2239 secundum
409 2192 537 2238 Jovis
568 2193 705 2239 verba
735 2193 855 2239 Ulixi
886 2195 1098 2239 in'rate
1143 2194 1199 2239 ad
1231 2193 1481 2239 Phaeacum
1512 2196 1600 2239 ter-

131 2288 227 2318 ram
259 2275 525 2319 veniendum
552 2276 702 2319 fuisse.
738 2276 816 2320 sed
837 2275 920 2319 hoc
944 2289 1118 2334 quoque
1139 2277 1216 2329 eis,
1249 2288 1361 2334 quae
1393 2278 1601 2319 secuntur

129 2360 371 2413 repugnat;
403 2369 507 2398 nam
537 2360 635 2400 rate
663 2356 893 2401 destructa
917 2369 964 2401 se
989 2370 1078 2400 non
1104 2360 1255 2400 servat
1277 2356 1363 2400 nisi
1385 2356 1596 2401 natando.

127 2436 210 2480 hoc
241 2437 379 2491 igitur
410 2436 600 2481 alterum
632 2436 868 2482 concilium
900 2451 982 2482 nec
1013 2451 1112 2481 cum
1138 2438 1201 2482 eis
1235 2438 1451 2493 congruit,
1479 2445 1597 2496 'quae

221 2563 258 2608 1)
286 2574 352 2609 quo
380 2564 495 2600 minus
521 2575 599 2601 cum
625 2575 666 2600 eo
693 2565 889 2601 orationem
916 2566 964 2601 ita
991 2565 1248 2611 distinguamus
1264 2592 1273 2608 ‚
1319 2567 1359 2600 ut
1384 2565 1441 2600 hic
1469 2575 1594 2601 versus

122 2642 194 2667 non
219 2643 296 2668 cum
322 2644 364 2668 eo
390 2634 589 2679 iungendus
614 2635 674 2680 sit,
701 2635 759 2680 qui
786 2634 974 2680 antecedit,
1001 2635 1062 2670 sed
1089 2635 1147 2680 qui
1174 2635 1347 2680 sequitur,
1374 2645 1452 2670 cum
1477 2635 1592 2670 ratio—

121 2701 226 2736 nibus
256 2703 500 2745 grammaticis
524 2703 740 2750 inpedimur,
766 2706 840 2741 tum
867 2714 919 2745 eo,
947 2702 1039 2750 quod
1065 2703 1253 2745 sententia,
1281 2711 1347 2749 qua
1366 2702 1489 2739 Ulixes
1515 2704 1592 2739 sine

118 2770 174 2804 dei
201 2772 383 2805 cuiumlam
408 2771 543 2806 auxilio
569 2772 613 2806 ad
640 2772 818 2807 Phaeaces
842 2773 1033 2817 pervenire
1059 2771 1191 2806 dieitur
1215 2782 1284 2806 non
1311 2774 1477 2807 mutatur.
