1771 3010
820 172 869 213 :31
971 197 1020 203 -

143 305 276 351 quam
305 289 414 341 341,
455 289 521 332 ita
551 292 601 331 ut
629 287 787 330 Jovem
827 274 914 330 non
950 287 1148 330 adfuisse
1186 292 1448 331 statuamus.
1511 304 1596 332 uon

142 376 211 418 est
238 370 375 427 igitur
406 369 524 427 quod
555 368 721 413 diutius
752 368 798 411 in
829 366 912 411 hae
942 381 989 411 rc
1021 380 1339 413 conmoremur.

814 506 841 562 ς
876 506 940 549 ιθ.

250 612 464 670 Sequitur
488 615 538 654 ut
557 614 797 667 quaeratur
816 609 890 654 ubi
913 611 972 655 sit
996 608 1123 655 Jovis
1154 610 1425 678 domicilium
1453 624 1505 655 ac
1528 625 1596 656 se-

138 696 230 739 des.
271 693 493 737 uberrime
525 696 673 735 autem
705 692 758 735 de
789 691 871 735 hac
902 705 948 735 re
981 693 1071 747 egit
1102 692 1375 736 Voelckerus
1392 692 1440 749 ¹).
1492 706 1597 737 con-

135 775 307 834 paratis
349 774 466 817 enim
510 776 554 817 et
592 773 905 830 pervestigatis
951 772 1155 817 omnibus
1197 773 1307 817 locis
1345 787 1596 831 quanquam

135 857 318 901 deorum
349 868 438 897 una
468 867 520 898 ac
552 854 648 898 sola
686 854 814 897 sedes
855 867 1073 911 nusquam
1106 855 1164 897 sit
1205 854 1400 905 caelum,
1445 859 1595 899 tamen

134 936 370 995 Olympum
401 939 596 979 montem
626 949 715 978 non
745 934 878 978 nullis
910 935 1019 979 locis
1051 938 1110 988 (Θ
1141 935 1326 978 18—26.
1361 939 1394 977 Ο
1419 935 1472 978 18
1497 949 1591 994 sqq.

136 1016 162 1076 ζ
194 1018 252 1060 42
283 1021 400 1074 sqq.)
453 1017 738 1059 obscuratum
778 1029 874 1059 esse
906 1016 999 1059 vult
1029 1017 1209 1060 notione
1243 1018 1517 1074 perfectioris
1549 1021 1594 1060 et

132 1098 364 1156 pulcrioris
421 1095 629 1140 domicili.
692 1097 762 1139 cui
806 1096 1056 1140 Nitzschius
1109 1098 1173 1140 ita
1220 1098 1489 1148 adsentitur,
1543 1103 1592 1142 ut

131 1178 308 1236 Olympi
353 1178 514 1222 montis
546 1177 769 1221 notionem
800 1190 885 1220 non
918 1178 1114 1221 inveniat
1144 1178 1230 1222 nisi
1260 1178 1307 1221 in
1338 1178 1499 1232 Iliade,
1544 1180 1592 1224 id

131 1272 258 1310 vero,
301 1260 419 1316 quod
451 1258 722 1302 Voelckerus
755 1254 809 1301 de
839 1258 1101 1314 perfectiore
1134 1260 1239 1302 sede
1269 1260 1400 1311 dicit,
1432 1261 1490 1304 ad
1521 1264 1588 1304 to-

128 1343 221 1383 tam
254 1338 500 1396 Odysseam
531 1338 752 1396 pertinere
784 1336 1074 1387 existimem.
1122 1353 1389 1396 quanquam,
1422 1340 1459 1384 si
1492 1353 1587 1384 om-

127 1433 205 1462 nes
239 1419 365 1462 huius
407 1419 569 1462 emboli
609 1418 753 1466 locos,
802 1419 959 1475 quibus
989 1420 1044 1462 de
1076 1420 1257 1462 deorum
1288 1421 1392 1463 sede
1425 1420 1585 1474 agitur,

110 1484 241 1544 ’inter
274 1513 320 1544 se
352 1512 660 1556 conparamus‚
694 1515 712 1541 ε
744 1498 814 1551 50,
847 1513 932 1555 quo
965 1499 1136 1544 Pieriae
1167 1501 1216 1545 fit
1246 1501 1427 1547 mentio,
1458 1515 1586 1546 mons

125 1580 437 1626 Macedonicus
469 1578 597 1621 nobis
629 1579 675 1621 in
706 1582 899 1621 mentem
934 1580 1061 1622 venit.
1108 1584 1240 1637 atque
1272 1580 1428 1624 eadem
1460 1582 1583 1624 notio

123 1667 282 1720 poetae
313 1662 458 1704 animo
490 1660 752 1703 obversatur
774 1673 871 1703 cum
893 1662 931 1702 ei
965 1677 991 1701 κ
1011 1660 1098 1701 307
1121 1662 1199 1704 dat
1215 1660 1441 1718 epitheton
1466 1663 1583 1718 quod

123 1749 191 1787 est
221 1738 414 1802 μακρός,
460 1754 600 1797 neque
634 1741 673 1783 ei
705 1747 923 1798 repugnat
955 1741 1072 1797 quod
1105 1757 1123 1783 ε
1156 1740 1214 1782 80
1245 1743 1279 1783 θ
1310 1739 1446 1799 321³)
1480 1742 1582 1786 deo-

120 1836 219 1866 rum
250 1823 406 1866 domus
439 1827 815 1872 conmemoratur;
850 1822 967 1877 quod
997 1821 1204 1878 Juppiter
1237 1820 1263 1878 ζ
1298 1822 1380 1864 188
1410 1819 1581 1882 Ὀλύμ.

120 1919 218 1955 πιος
256 1902 326 1947 dei
360 1900 385 1960 ζ
417 1900 517 1945 240.
551 1905 584 1944 9
616 1901 718 1945 331.
752 1918 786 1959 μ
807 1899 892 1943 337
940 1897 1249 1961 οἳ”Ολυμπον
1281 1897 1471 1961 ἔχουσιν
1502 1918 1580 1948 vo-

120 1989 297 2032 cantur,
344 1983 605 2041 quibuscum
637 1982 946 2039 conparandus
989 1985 1057 2025 est
1089 1980 1117 2023 λ
1149 1981 1234 2024 313
1250 1982 1300 2039 ⁴).
1349 1988 1397 2027 at
1428 1977 1578 2044 Οὖρα.

211 2170 251 2216 1)
278 2179 401 2214 geogr.
427 2169 521 2203 hom.
549 2168 572 2213 §
596 2166 738 2204 5--13.
789 2168 834 2202 cs.
857 2169 975 2204 Lehrs
1011 2166 1053 2202 de
1078 2168 1191 2202 Arist.
1220 2168 1311 2207 stud.
1338 2170 1432 2205 hom.
1460 2170 1503 2204 ed
1539 2170 1573 2205 2.

165 2266 174 2275 .
201 2238 415 2276 164—174.

115 2249 162 2286 pp
207 2308 248 2354 2)
273 2308 318 2343 ad
346 2306 472 2354 Odyss.
507 2306 555 2341 11.
584 2317 616 2352 p.
649 2305 702 2341 12.
740 2307 905 2351 inprimis
939 2316 1024 2341 vero
1056 2317 1119 2351 pp.
1143 2306 1188 2342 94
1213 2317 1288 2352 sqq.
1337 2306 1393 2341 ΙΙΙ
1427 2319 1462 2355 p.
1489 2308 1573 2345 249.

113 2378 157 2413 cs.
184 2377 290 2413 Faesi
318 2375 431 2422 praef.
459 2374 516 2409 ed.
542 2375 576 2411 4.
615 2386 647 2422 p.
678 2376 732 2411 17.

204 2447 246 2492 3)
274 2446 311 2481 in
337 2446 409 2480 hoc
447 2454 551 2479 versu
580 2443 723 2479 Vulcani
759 2443 883 2479 domus
918 2445 1162 2491 χαλκοβατὲς
1191 2446 1241 2480 δῶ
1280 2448 1426 2480 vocatur
1460 2457 1571 2493 aeque

50 2561 63 2572 ⁸
111 2524 151 2549 ac
172 2530 193 2551 ,ν
216 2515 244 2551 4
267 2513 422 2550 Alcinoi.
449 2523 551 2565 quam
577 2522 699 2550 vocem
725 2513 981 2558 interpretatur
1006 2512 1117 2549 schol.
1142 2512 1188 2548 N.
1215 2512 1269 2547 ad.
1298 2529 1315 2548 ν
1340 2514 1384 2551 4:

109 2586 283 2631 χαλκοῦν
306 2580 451 2626 ἔδαφος
474 2579 571 2629 ,ἕχον
611 2577 633 2626 ἢ
660 2583 833 2630 χαλκοῦς
874 2579 966 2632 ἕχον
1003 2583 1089 2624 τοὺς
1115 2584 1286 2629 βαθμοὺς
1321 2587 1396 2619 τῶν
1429 2588 1570 2635 θυρῶν,

108 2652 235 2688 scholi.
260 2652 335 2690 BL.
363 2651 406 2688 ad
429 2651 473 2689 A.
501 2650 592 2688 426:
631 2651 673 2688 τὸ
702 2650 853 2702 στερεὰν
881 2647 975 2700 ἔχον
1001 2651 1066 2697 τήν
1094 2649 1216 2693 βάσιν.

200 2721 239 2765 4)
267 2722 393 2766 quibus
427 2720 698 2756 difficultatibus
724 2731 781 2756 vv.
808 2721 994 2756 313-318
1029 2724 1203 2756 vexentur
1229 2722 1308 2756 vide
1336 2723 1434 2758 Voss.
1460 2725 1562 2767 epist.
