1771 3010
723 217 777 224 -—
868 192 925 234 28
1015 218 1137 241 --,

161 300 405 361 λ5593ᾳ.

437 381 543 439 Ζεὺς
572 388 765 430 Δαναῶν
800 384 999 448 στρατὸν
1033 385 1312 447 αἰχμητάων

307 462 546 524 ἐκπάγλως
578 463 789 528 ἤχθηρε,
821 470 916 513 τεῒν
950 467 1058 514 δ’ἑπὶ
1091 470 1256 529 μοῖραν
1288 466 1466 527 ἔθηκεν.

158 546 341 590 verbum
386 549 524 604 igitur
555 550 672 607 quod
703 554 771 595 est
802 550 1047 607 θέσφατον
1074 552 1164 595 vix
1197 550 1325 595 aliter
1363 549 1623 607 intellegen-

158 627 262 671 dum
294 633 362 673 est
393 634 525 687 atque
558 644 655 675 sors
688 645 715 675 a
744 631 854 676 Jove
901 632 1153 677 hominibus
1185 632 1256 676 vel
1296 632 1522 676 destinata
1554 631 1624 675 vel

157 710 402 766 praedicta.
437 712 513 765 (cf.
550 729 560 754 ι
593 712 692 757 507.
726 711 755 755 λ
789 712 886 757 151.
918 712 1017 756 297.
1051 731 1085 774 μ
1120 712 1218 756 155.
1251 730 1271 756 v
1295 711 1413 769 172.)

276 791 369 843 Quo
401 794 532 837 modo
568 804 820 852 quanquam
853 795 1022 852 aliquot
1051 795 1160 838 locis
1183 795 1373 850 vestigia
1403 794 1623 853 quaedam

158 874 291 929 atque
322 873 489 917 indicia
519 876 827 927 inveniuntur,
877 876 1034 933 quibus
1069 876 1201 919 verbo
1235 877 1351 932 quod
1383 880 1451 919 est
1480 875 1619 934 μοῖρα

157 953 242 996 dea
273 956 492 1012 quaedam
523 956 714 1000 hominis
747 958 894 1014 specie
915 957 1072 1001 induta
1099 957 1369 1013 significetur
1390 957 1440 1011 ¹),
1472 964 1622 999 tamen

158 1051 181 1092 η
209 1033 307 1085 197,
340 1037 457 1081 unde
477 1038 651 1081 initium
675 1037 802 1082 huius
828 1039 1099 1097 quaestionis
1133 1040 1343 1097 cepimus,
1378 1051 1475 1082 cum
1500 1036 1620 1081 nullo

157 1120 404 1161 ceterorum
444 1115 644 1162 locorum
678 1121 913 1176 conparari
945 1124 1105 1177 potest.
1155 1133 1207 1163 ac
1241 1117 1620 1174 Naegelsbachius

157 1198 334 1255 quidem
366 1199 482 1243 hunc
513 1200 658 1243 locum
674 1201 720 1243 in
744 1200 1068 1244 dubitationem
1102 1205 1230 1244 vocat
1246 1201 1297 1254 2).
1334 1200 1439 1256 quid
1471 1203 1620 1243 autem

155 1278 308 1323 obstat
339 1293 423 1336 quo
455 1282 600 1324 minus
632 1295 683 1325 eo
715 1282 959 1325 Kirchhoffi
1001 1272 1223 1325 sententia
1263 1281 1499 1339 probetur,
1545 1280 1619 1336 qui

157 1377 180 1418 η
217 1360 448 1403 185—232
480 1362 767 1418 interpositos
800 1376 896 1405 esse
928 1360 1234 1417 existimat³)?
1280 1374 1392 1419 quae
1424 1374 1524 1404 cum
1556 1361 1621 1403 ita

157 1441 269 1493 sint,
303 1441 685 1497 NaegelsbachiO,
732 1443 807 1501 qui
839 1442 973 1487 verbo
1008 1444 1125 1501 quod
1158 1447 1225 1487 est
1256 1442 1394 1503 μοῖρα
1426 1441 1619 1500 primum

157 1524 275 1580 apud
309 1522 502 1567 Graecos
535 1525 664 1567 unius
697 1525 767 1567 dei
798 1526 1024 1567 notionem
1065 1524 1255 1580 exprimi
1286 1527 1417 1580 putat
1430 1523 1492 1578 ⁴¹),
1541 1522 1620 1566 ad-

156 1603 326 1657 sentiri,
360 1607 575 1662 quantum
606 1617 723 1649 nunc
756 1605 932 1663 quidem
964 1604 1179 1657 videmuS,
1210 1602 1331 1648 nullo
1360 1606 1493 1661 pacto
1515 1614 1620 1661 pos-

155 1698 318 1727 sumus.
368 1687 502 1727 immo
535 1687 708 1741 potius,
740 1686 850 1728 haec
882 1688 1003 1728 notio
1034 1686 1133 1728 aliis
1168 1684 1450 1738 cognoscitur
1479 1684 1618 1725 ratio-

154 1763 299 1808 nibus.
363 1765 555 1822 primum
601 1765 718 1809 enim
748 1765 827 1809 illa
857 1765 960 1809 inde
992 1768 1137 1823 patet,
1184 1764 1302 1822 quod
1334 1762 1618 1822 conpluribus

153 1844 264 1888 locis
297 1846 369 1888 dei
402 1850 445 1889 et
476 1846 712 1902 pluraliter
742 1853 786 1889 et
817 1846 1102 1900 singulariter
1133 1847 1401 1888 inducuntur
1431 1857 1519 1886 non
1545 1858 1620 1886 vo-

154 1927 242 1970 cati
287 1927 373 1970 nisi
414 1927 561 1971 verbis
608 1941 720 1986 quae
762 1930 865 1971 sunt
907 1926 1010 1970 θεοί
1042 1931 1091 1970 et
1114 1923 1230 1979 θεός.
1279 1930 1323 1970 et
1364 1937 1618 1982 quanquam

154 2008 276 2063 prius
321 2008 431 2051 illud
462 2008 648 2052 verbum
688 2022 777 2051 non
808 2021 908 2051 raro
941 2009 1016 2051 vix
1048 2009 1292 2065 quidquam
1324 2006 1446 2049 aliud
1479 2004 1617 2060 signi·
1678 2017 1682 2020 “

154 2090 257 2133 fi-cat
286 2089 374 2133 nisi
405 2089 603 2145 singulos
637 2094 868 2147 certosque
898 2090 1017 2142 deos,
1051 2094 1182 2146 atque
1202 2103 1309 2141 cum
1326 2101 1507 2132 numero
1528 2087 1618 2131 sin-

154 2169 299 2224 gulari
331 2170 613 2215 coniunctum
646 2175 714 2215 est
743 2183 986 2229 pronomen
1018 2172 1132 2228 quod
1162 2173 1230 2213 est
1265 2167 1349 2222 τὶς,
1393 2172 1544 2212 tamen
1573 2167 1619 2211 hi

154 2250 240 2295 loci
272 2266 359 2295 non
392 2256 496 2296 sunt
528 2253 681 2310 pauci,
728 2266 838 2310 quos
884 2266 972 2296 non
1011 2251 1154 2296 solum
1185 2255 1357 2295 vertere
1396 2250 1618 2308 possimus

155 2336 241 2384 ,die
276 2336 478 2386 Gottheit,
515 2332 638 2387 Goff,
670 2334 748 2378 sed
781 2333 939 2392 quibus
972 2334 1025 2377 de
1058 2332 1203 2376 verbis
1236 2345 1349 2390 quae
1381 2335 1484 2376 sunt
1515 2327 1619 2383 θεός

160 2419 368 2427 ——-—-h
376 2421 422 2426 .-,

248 2471 286 2515 1)
315 2471 395 2506 vide
421 2471 611 2517 Naegelsb.
638 2471 661 2507 l.
689 2471 712 2508 l.
740 2484 772 2519 p.
801 2472 878 2508 125.

246 2541 287 2586 2)
314 2541 515 2579 Nachhom.
531 2541 652 2577 Theol.
678 2553 712 2587 p.
731 2543 809 2579 150.
844 2543 889 2579 cf.
909 2542 1134 2578 Autenriethi
1163 2532 1420 2577 adnotationem
1444 2539 1484 2574 ad
1507 2538 1618 2575 theol.

153 2610 255 2644 Hom.
284 2621 319 2655 p.
347 2614 427 2647 123.

248 2680 290 2725 3)
318 2680 384 2714 Die
410 2682 502 2715 hom.
535 2680 661 2723 Odys-s.
690 2681 801 2726 praef.
830 2692 861 2725 p.
880 2680 937 2715 lx.
970 2691 1000 2714 n.
1028 2681 1061 2714 5.

246 2749 287 2793 4)
317 2748 424 2785 theol.
453 2750 543 2783 hono.
573 2760 630 2794 pp.
660 2750 725 2784 143
752 2761 800 2793 sq,
