1771 3010
713 180 915 223 -15

161 299 371 358 duppiter
402 296 670 342 Mercurium
702 296 851 353 legare
884 300 978 342 tam
1009 296 1085 341 diu
1116 299 1363 342 cunctatur.
1397 296 1626 343 Beckerus

163 381 283 424 enim
314 381 406 424 iam
436 379 483 422 in
512 378 670 436 primis
709 377 836 422 Jovis
867 378 1015 422 verbis
1047 377 1311 436 offendit‘),
1356 380 1476 436 quod
1507 379 1630 424 aliud

167 461 381 519 conloqui
423 461 657 505 exordium
699 473 788 504 non
818 460 1042 512 inveniat,
1093 460 1180 504 nisi
1219 460 1425 516 Aegisthi
1470 463 1630 518 scelus,

161 544 327 601 quippe
359 542 478 599 quod
507 542 597 584 iam
631 545 734 584 ante
774 553 934 584 novem
975 553 1115 584 annos
1162 541 1432 586 conmissum
1465 548 1508 588 et
1549 544 1628 589 ab·

162 624 265 668 hine
297 622 467 668 duobus
498 622 627 666 annis
659 622 888 679 expiatum
921 622 990 665 sit.
1054 635 1334 679 quanquam,
1376 606 1629 669 utSeholi-

162 709 288 749 astae
341 703 667 761 ineptissimam
714 702 1127 760 interpretationem
1171 703 1403 748 mittamus
1420 702 1511 757 ²),'
1540 709 1630 750 non

160 801 262 831 cum
293 785 479 830 Lehrsio
491 783 550 842 ³),
597 785 835 828 dicendum
875 788 942 828 est
978 783 1137 828 Jovem
1178 788 1281 842 post
1319 785 1467 829 varios
1513 785 1627 831 alios

159 880 388 912 sermones
422 866 476 910 ad
509 865 734 909 hominum
752 865 977 909 fortunam
1010 868 1054 910 et
1085 864 1260 924 culpam
1288 867 1493 912 transire.
1523 881 1628 913 nam

162 949 638 993 aliorumsermonum
669 961 757 990 non
788 947 920 991 modo
956 946 1126 990 nullum
1156 948 1419 1002 invenimus,
1452 949 1532 993 sed.
1562 952 1626 993 et-

161 1031 252 1074 iam
285 1029 402 1087 quod
433 1028 497 1072 eis
529 1028 802 1072 contrarium
833 1031 912 1071 est.
977 1027 1083 1084 quid
1115 1028 1229 1071 enim
1262 1026 1396 1078 aliud,
1428 1030 1467 1073 si
1497 1043 1537 1073 v.
1559 1029 1626 1074 ‘28
1689 1054 1692 1058 Δ

158 1111 360 1166 legimus.
469 1108 474 1113 ”

275 1216 396 1259 τοῖσι
431 1213 477 1257 δὲ
506 1209 670 1274 μύθων
706 1206 824 1273 ἦρχε
858 1210 1015 1273 πατὴρ
1050 1212 1218 1274 ἀνδρῶν
1251 1231 1302 1258 τε
1334 1216 1454 1258 θεῶν
1487 1230 1553 1259 τε.

158 1320 486 1365 consectarium
506 1322 588 1371 est,
619 1319 705 1362 nisi
742 1331 856 1375 quae
888 1317 1024 1362 verba
1054 1318 1164 1363 haec
1196 1324 1420 1373 secuntur,
1452 1333 1506 1365 ea
1532 1334 1625 1367 om-

158 1403 281 1445 nium
313 1414 410 1445 esse
442 1401 616 1459 prima?
648 1413 790 1457 neque
825 1401 976 1444 minus
1008 1400 1264 1445 Nitzschius
1295 1402 1344 1445 in
1375 1415 1524 1446 errore
1560 1403 1625 1447 vi-

160 1484 292 1527 detur
324 1482 509 1536 versari,
542 1495 643 1526 cum
673 1480 850 1525 Ulixem
883 1495 983 1525 cum
1012 1481 1347 1537 Agamemnone
1375 1482 1475 1527 ideo
1521 1496 1626 1528 con-

157 1565 312 1623 parari
342 1576 476 1621 posse
506 1566 669 1616 censet,
703 1563 821 1620 quod
850 1563 897 1606 in
927 1562 1118 1607 similem
1149 1567 1282 1621 atque
1322 1562 1399 1607 ille
1441 1564 1626 1609 calami-

154 1648 294 1690 tatem
323 1644 520 1688 incidere
550 1644 710 1702 possit.
722 1643 761 1698 ⁴)
808 1657 913 1687 nam
945 1657 1055 1701 quos
1086 1643 1209 1688 locos
1241 1644 1408 1698 adfert,
1441 1646 1493 1700 (a
1523 1646 1623 1690 298.

158 1742 178 1767 ν
211 1726 312 1770 383.
347 1723 375 1766 λ
404 1725 506 1776 444.
540 1741 573 1765 w
609 1724 710 1772 192)
751 1724 819 1767 his
850 1724 898 1767 id
940 1724 1059 1781 quod
1099 1723 1196 1768 vult
1241 1738 1332 1768 non
1362 1725 1477 1770 effici
1522 1726 1625 1770 inde

159 1807 362 1865 adparet,
397 1805 515 1863 quod
544 1805 591 1849 in
621 1803 705 1849 hoc
736 1805 919 1849 deorum
962 1804 1149 1849 concilio
1189 1818 1411 1863 nusquam
1452 1809 1625 1864 quaeri-

154 1892 240 1941 tur,
273 1900 386 1946 quae
418 1887 478 1930 sit
507 1888 635 1943 post
665 1885 922 1930 reditum
953 1884 1097 1930 Ulixis
1126 1885 1321 1940 fortuna,
1353 1887 1433 1931 sed
1460 1886 1624 1946 ubique

154 1983 240 2026 quo
272 1968 402 2012 modo
432 1967 480 2011 in
510 1967 704 2024 patriam
746 1967 991 2024 perveniat.
1050 1967 1201 2025 itaque
1241 1967 1279 2011 si
1320 1968 1468 2025 prima
1497 1968 1623 2013 Jovis

154 2049 293 2093 verba
335 2052 427 2101 (vv.
474 2048 533 2091 34
573 2046 691 2104 sqq),
736 2060 916 2091 versum
962 2047 1045 2094 43.
1087 2060 1141 2091 ea
1172 2047 1361 2105 denique
1393 2061 1506 2105 quae
1537 2048 1623 2103 Mi?

152 2142 292 2174 nerva
322 2144 362 2172 v.
396 2128 451 2171 47
485 2127 727 2185 respondet
758 2128 1212 2180 consideraverimus,
1241 2127 1382 2172 multo
1413 2128 1624 2186 probabi-

150 2210 272 2255 liora
302 2208 575 2254 videbuntur
606 2221 718 2267 quae
749 2207 804 2252 ab
837 2207 914 2252 illo
957 2208 1016 2252 ad
1062 2208 1219 2266 Odyss.
1268 2207 1308 2252 II
1336 2222 1379 2266 p.
1423 2208 1619 2255 XXXIX

255 2431 294 2475 l)
321 2430 440 2466 sched.
470 2430 575 2465 Hom.
601 2441 638 2476 p.
666 2430 745 2467 104.

238 2502 284 2545 2)
312 2499 423 2536 schol.
451 2499 493 2544 Q.
521 2499 564 2535 ad
590 2510 623 2535 V.
649 2500 706 2536 36.
734 2500 922 2548 ’γαμήλιος
952 2498 998 2536 ‘Bu
1029 2501 1045 2536 ὃ
1072 2500 1156 2544 θεὸς
1196 2500 1410 2550 ἀναγκαίως
1446 2504 1518 2536 τῶν
1554 2499 1622 2548 ’γά-

150 2586 230 2617 μων
256 2570 483 2621 προνοεῖται.

244 2640 282 2683 3)
310 2639 353 2674 de
377 2639 582 2675 Aristarchi
608 2638 738 2675 studiis
765 2639 966 2677 Homericis
992 2639 1045 2675 ed.
1076 2639 1123 2675 11.
1151 2650 1184 2686 p.
1212 2638 1293 2676 425.

244 2710 284 2754 4)
311 2709 354 2743 ad
382 2707 508 2753 Odyu.
535 2709 563 2745 Ι.
589 2721 625 2754 p.
651 2709 695 2745 12
720 2709 768 2745 11.
794 2711 907 2755 praef.
931 2720 968 2755 p.
992 2709 1144 2744 XXXIX.
