1771 3010
740 182 1056 223 -ss—

161 299 402 343 movendos
446 310 543 341 esse
574 301 779 351 consent,
825 299 1063 342 dissentiat
1079 299 1146 355 ¹)?
1199 299 1303 355 quin
1338 302 1485 340 autem
1527 312 1626 340 cum

161 380 231 423 his
263 395 293 436 ‘y
311 378 396 423 130
412 390 507 437 sqq.
541 380 778 437 conparari
808 392 898 423 non
928 380 1103 437 possint
1133 379 1298 424 nemini
1322 379 1406 423 erit
1429 377 1626 422 dubium.

98 481 100 484 ⁴
161 473 265 505 nam
307 461 355 505 in
388 461 542 520 quinto
585 459 700 505 libro
731 460 884 506 Ulixes
925 461 1152 506 Minervae
1191 462 1260 505 ira
1302 464 1490 506 vexatus
1533 473 1632 504 esse

163 541 356 587 dilucide
387 544 593 596 traditur,
624 543 695 587 hic
719 544 766 587 in
781 544 1037 587 universum
1065 557 1154 587 non
1185 557 1339 587 omnes
1355 545 1451 600 pios
1475 543 1631 594 fuisse,

163 636 251 668 non
296 623 441 668 nullos
482 624 736 682 deperditos
783 638 880 668 esse
923 624 1124 680 legimus.
1171 640 1278 669 num
1325 628 1474 669 autem
1517 623 1629 667 haec

164 705 301 749 verba
335 705 423 749 alio
455 706 588 750 modo
620 706 904 763 interpretari
945 719 1204 763 possumus,
1245 706 1332 750 nisi
1364 719 1452 750 non
1482 704 1630 749 nullos

163 787 284 845 pios,
329 801 419 831 non
450 787 595 832 nullos
636 791 836 832 servatos
877 788 1049 832 fuisse?
1097 788 1270 833 accedit
1313 788 1429 845 quod
1467 787 1632 831 Nestor

167 884 198 925 γ
226 868 315 912 218
347 880 444 926 sqq.
475 867 654 913 Ulixem
695 881 722 913 a
761 869 962 914 Minerva
1003 873 1239 928 tantopere
1280 868 1493 914 dilectum
1533 881 1632 913 esse

166 949 289 1002 dicit,
321 954 594 1007 quantopere
625 963 653 993 a
682 950 804 994 nullo
835 951 917 994 deo
950 951 1088 994 ullum
1118 951 1363 1003 hominem;
1395 953 1633 1007 praeterea

164 1029 248 1074 dea
277 1030 378 1088 ipsa
409 1046 439 1087 γ
470 1031 555 1075 231
588 1043 683 1089 sqq.
727 1031 1038 1076 Telemachum
1069 1032 1133 1076 sic
1165 1030 1442 1083 consolatur,
1489 1030 1631 1075 homi-

167 1124 291 1164 nem,
330 1113 533 1168 quamvis
563 1117 757 1156 remotus
789 1114 861 1166 sit,
904 1118 1055 1156 tamen
1085 1126 1112 1156 a
1145 1114 1250 1165 deo,
1283 1113 1357 1170 qui
1390 1113 1430 1157 ei
1460 1112 1626 1163 faveat,

166 1193 336 1237 servari
372 1206 503 1251 posse
522 1193 575 1249 ²).
608 1207 753 1238 nonne
794 1193 862 1238 his
904 1193 1106 1238 omnibus
1139 1193 1338 1249 cogimur
1374 1197 1424 1238 ut
1454 1192 1628 1239 Ulixem

166 1287 303 1317 unum
335 1287 390 1317 ex
421 1275 487 1317 eis
515 1275 653 1318 fuisse
685 1288 925 1328 sumamus,
962 1275 1038 1332 qui
1061 1274 1289 1318 Minervae
1319 1275 1469 1319 odium
1503 1275 1550 1317 in
1581 1287 1630 1317 se

169 1368 258 1399 non
290 1355 649 1399 convertissent?
697 1356 775 1400 sed
807 1360 855 1400 ut
884 1355 952 1399 his
983 1356 1093 1400 locis
1126 1356 1242 1413 quod
1272 1355 1347 1400 ille
1379 1355 1475 1400 vult
1505 1355 1628 1399 evin-

168 1439 316 1480 catur:
353 1435 510 1493 quibus
541 1437 589 1480 in
618 1436 744 1481 libris
775 1438 1072 1490 inveniuntur,
1105 1451 1179 1481 eos
1213 1452 1302 1482 non
1336 1436 1391 1480 ab
1412 1450 1463 1481 eo
1479 1440 1629 1495 poeta,

169 1518 243 1574 qui
291 1518 530 1561 embolium
577 1520 834 1576 conposuit,
892 1520 1035 1563 factos
1082 1532 1178 1563 esse
1223 1532 1498 1577 consequens
1546 1522 1629 1562 est.

166 1599 317 1655 itaque
358 1601 406 1642 ut
437 1600 667 1644 videamus
707 1604 856 1644 utrum
887 1600 1085 1645 Jacobus
1127 1614 1185 1644 an
1216 1599 1467 1645 Nitzschius
1505 1602 1627 1643 recte

166 1679 434 1723 iudicaverit
463 1694 580 1724 nunc
611 1680 740 1724 nobis
773 1694 887 1738 quae
919 1682 977 1724 sit
1008 1681 1170 1725 emboli
1190 1680 1344 1724 fabula
1365 1681 1466 1737 ipsa
1489 1680 1627 1724 adcu-

169 1760 311 1804 ratius
343 1761 735 1818 pervestigandum
766 1765 844 1806 est.

282 1841 448 1898 Atque.
471 1840 545 1885 ille
578 1843 754 1898 quidem
786 1848 835 1886 ut
865 1843 1133 1888 sententiam
1175 1855 1303 1887 suam
1344 1842 1504 1900 probet
1536 1842 1629 1886 Uli-

168 1935 269 1965 xem
309 1936 335 1966 a
377 1922 644 1980 Cyclopibus
697 1923 946 1980 profectum
988 1924 1045 1976 ad
1089 1923 1277 1967 Aeolum
1326 1924 1476 1967 venire
1522 1923 1631 1967 dicit

170 2001 291 2045 nullo
333 2003 596 2046 detrimento
635 2017 662 2046 a
701 2004 906 2061 Neptuno
951 2008 1134 2061 accepto
1175 2005 1239 2061 (p.
1273 2003 1403 2061 428);
1455 2003 1630 2047 salvum

167 2086 212 2126 et
241 2082 502 2127 incolumem
543 2097 642 2127 eum
672 2083 718 2127 in
749 2085 943 2141 patriam
983 2088 1299 2142 perventurum
1340 2084 1500 2137 fuisse,
1545 2084 1633 2128 nisi

166 2150 275 2206 socii
317 2167 460 2207 utrem
503 2164 838 2221 patefecissent3
891 2179 946 2209 ne
986 2169 1080 2210 tum
1122 2165 1300 2223 quidem
1341 2178 1440 2209 eum
1481 2178 1507 2208 a
1548 2165 1630 2208 deo

168 2245 346 2293 vexari,
389 2258 486 2288 cum
519 2245 574 2288 ad
606 2245 794 2289 Aeolum
825 2246 1080 2298 revehatur,
1125 2246 1203 2289 sed
1234 2246 1376 2289 ventis
1417 2245 1630 2289 adversis.

168 2326 215 2366 at
267 2325 382 2381 quod
436 2325 668 2370 incolumis
715 2327 773 2371 ad
814 2326 945 2371 Aeoli
991 2326 1183 2370 insulam
1229 2326 1350 2370 venit
1401 2325 1632 2383 haudqua-

168 2416 300 2461 quam
332 2405 387 2449 ab
430 2407 516 2458 eis,
567 2419 679 2465 quae
724 2410 856 2453 antea
894 2410 1155 2462 narrantur,
1202 2406 1420 2452 abhorret.
1499 2405 1632 2464 Poly-

260 2532 302 2577 1)
329 2532 408 2567 vide
435 2533 607 2580 Koechlyi
645 2535 686 2569 dc
725 2534 902 2580 Odysseae
938 2535 1153 2570 carminibus
1186 2534 1473 2570 dissertationem
1508 2533 1630 2569 'turici

170 2599 275 2637 1862.
304 2612 338 2647 p.
367 2603 424 2639 14.

259 2669 299 2714 2)
327 2671 418 2706 hunc
456 2672 567 2706 lovum
607 2676 701 2707 recle
749 2674 1002 2718 interpretatus
1039 2676 1092 2709 est
1127 2673 1329 2708 Nitzschius
1367 2671 1409 2707 ad
1448 2672 1573 2719 odyss.
1600 2674 1633 2709 1.

166 2749 201 2782 p.
229 2739 305 2774 176.
