1771 3010
716 151 1059 193 „19-

158 267 284 312 nobis
317 266 451 310 licet?
483 280 567 325 quo
597 268 729 312 modo
762 280 863 313 cum
893 268 970 326 qui
999 267 1084 312 hoc
1115 266 1351 313 concilium
1385 268 1618 324 conposuit

157 363 248 392 non
279 361 390 405 quae
422 352 540 392 esset
569 352 699 405 post
729 348 974 393 reditum
1004 348 1149 391 Ulixis
1180 349 1382 402 fortuna,
1418 348 1500 393 sed
1532 361 1620 405 qua

156 430 329 475 ratione
358 424 430 473 hic
459 430 627 474 reditus
658 430 950 487 perficiendus
983 432 1102 473 esset
1131 431 1360 487 spectarit,
1393 431 1620 476 coniectu-

152 524 254 560 ram
282 515 504 563 nostram,
537 524 625 568 qua
654 524 744 553 non
766 511 866 554 ideo
904 523 1009 553 eum
1037 509 1148 553 nihil
1176 510 1265 553 nisi
1294 512 1486 556 reditum
1522 526 1618 559 mo-

155 591 230 637 liri
261 596 482 649 putamus,
513 597 563 636 ut
579 605 630 636 eo
662 591 836 634 maiora
867 594 1191 647 praeparentur
1220 591 1356 644 facta,
1389 594 1468 637 sed
1499 595 1618 651 quod

154 672 264 732 nihil
295 673 381 717 nisi
405 673 596 717 reditum
623 670 825 715 versibus
845 672 1052 728 persequi
1076 672 1354 727 cogitaverit,
1385 687 1475 717 non
1498 676 1618 719 omni

155 755 464 802 existimamus
507 767 658 814 carere
699 751 1027 808 probabilitate.
1072 753 1224 809 itaque
1265 752 1349 796 hoc
1380 754 1617 802 concilium

154 848 242 882 non
271 839 364 879 tam
394 847 473 891 per
503 847 551 877 se
582 836 854 891 spectatum,
899 845 1032 889 quam
1062 833 1101 875 si
1134 846 1219 889 quo
1250 833 1380 878 modo
1414 847 1515 878 cum
1545 849 1616 879 00-

154 916 262 960 teris
302 915 433 960 rebus
476 914 714 958 cohaereat
756 913 1009 971 quaerimus
1052 926 1271 961 summam
1312 914 1446 960 habet
1478 915 1615 964 offen-

154 997 336 1043 sionem.

832 1077 859 1128 §
890 1075 931 1119 8.

268 1157 394 1201 Idem
424 1160 573 1200 autem
604 1155 840 1203 dicendum
861 1160 930 1199 est
954 1156 1008 1200 de
1031 1155 1172 1200 altero
1204 1157 1387 1201 deorum
1414 1158 1614 1203 concilio.

153 1252 259 1282 nam
284 1239 403 1295 quod
423 1237 451 1280 J
455 1237 619 1280 acobus
649 1250 693 1293 p.
716 1237 800 1279 391
833 1236 1197 1293 aequabilitatem
1220 1250 1273 1280 ao
1291 1237 1615 1292 lentitudinem,

155 1333 343 1378 quacum
361 1318 568 1376 Juppiter
599 1334 619 1360 ε
643 1318 698 1362 27
731 1330 967 1375 procorum
998 1322 1065 1362 est
1089 1332 1272 1372 memor,
1303 1319 1503 1376 ineptam
1519 1334 1617 1365 esse

153 1402 263 1445 dicit
293 1413 342 1444 eo
373 1399 613 1451 refellitur,
645 1399 761 1455 quod
792 1402 1032 1455 propterea
1059 1399 1191 1442 modo
1223 1411 1299 1442 eos
1330 1399 1510 1444 domum
1540 1413 1615 1444 ve-

83 1476 85 1478 ’
152 1482 247 1526 nire
277 1480 495 1540 permittit
525 1492 665 1536 neque
698 1478 921 1536 extemplo
953 1492 1099 1535 poena
1129 1480 1439 1537 persequitur,
1481 1486 1530 1525 ut
1559 1481 1614 1525 ab

152 1561 282 1606 Ulixe
313 1565 358 1605 et
371 1559 645 1613 Telemacho,
675 1560 723 1602 in
754 1572 864 1616 quos
894 1559 1037 1602 multa
1066 1560 1186 1616 inpie
1217 1559 1474 1617 nefarieque
1508 1575 1612 1605 con-

90 1645 92 1647 ’
151 1642 377 1695 miserint,
420 1641 741 1684 interficiantur
755 1638 808 1691 ¹).
854 1640 1048 1685 maxime
1090 1644 1240 1687 autem
1280 1640 1490 1686 abhorret
1530 1642 1614 1686 hoc

153 1722 389 1768 concilium
420 1722 490 1778 :ab
543 1722 630 1774 eis,
671 1734 784 1778 quae
815 1720 1085 1765 antecedunt
1141 1733 1341 1778 quaeque
1390 1727 1613 1767 secuntur.

137 1785 407 1862 *quanquam
437 1802 704 1850 scholiastae
735 1803 793 1846 ad
823 1816 863 1845 v.
883 1803 910 1851 3
944 1801 1117 1845 dicunt:
1162 1799 1192 1857 ἡ
1214 1801 1298 1861 μὲν
1331 1800 1418 1861 γὰρ
1453 1802 1610 1863 πρώτη

151 1881 305 1942 βουλὴ
347 1880 445 1942 περὶ
476 1874 574 1926 ’τοῦ
618 1880 849 1940 σώζεσθαι
883 1880 1131 1933 Ὀδυσσέα,
1164 1878 1284 1941 αὕτη
1319 1882 1366 1925 δὲ
1397 1881 1495 1943 περὶ
1527 1885 1612 1929 τοῦ

151 1967 254 2017 πῶς.
299 1960 421 2008 κατὰ
452 1962 533 2023 μὲν
576 1960 661 2023 τὴν
703 1961 885 2022 πρώτην
919 1960 1164 2022 ἐκκλησίαν
1197 1961 1218 2007 ὁ
1251 1959 1358 2016 Ζεὺς
1387 1952 1634 2025 ’,ἰ-(πρεῗχενμ

153 2043 381 2106 ἀφορμὴν
404 2046 465 2102 τῇ
496 2044 670 2103 Ἀθηνᾷ
701 2038 846 2088 αὐτὼ·
876 2041 1180 2103 ἐναρχόμενος
1213 2047 1302 2087 τοῦ
1332 2043 1502 2102 λόγου,
1535 2050 1611 2090 νῦν

152 2125 199 2168 δὲ
229 2123 257 2185 ἡ
289 2124 468 2183 Ἀθηνᾶ
499 2121 811 2184 κατάρχει-αν.
857 2128 904 2169 at
934 2124 1163 2169 videamus
1194 2138 1299 2168 num
1330 2124 1413 2174 hoc
1444 2127 1504 2169 sit
1536 2140 1610 2170 ve—

150 2211 268 2257 rum!
302 2219 355 2257 ao
377 2205 570 2263 primum
602 2206 779 2263 quidem
810 2205 893 2251 hoc
925 2204 1160 2250 concilium
1190 2204 1310 2249 nullo
1342 2206 1474 2250 modo
1508 2221 1610 2251 cum

151 2288 230 2340 eis,
262 2300 375 2344 quae
402 2287 670 2336 antecedunt
690 2286 910 2335 cohaeret.
942 2299 1085 2343 neque
1106 2286 1222 2329 enim
1240 2285 1491 2333 Minervam
1521 2288 1611 2331 iam

151 2369 347 2419 suasisse
377 2371 427 2412 ut
457 2368 704 2418 Mercurius
735 2367 960 2430 legaretur
991 2368 1300 2423 cognoscimus
1331 2381 1472 2425 neque
1499 2382 1609 2426 quae

245 2565 284 2610 1)
310 2568 498 2611 praeterea
524 2564 732 2601 Nitzschius
767 2564 828 2609 (ad
854 2564 982 2611 Odyss.
1004 2564 1039 2601 11
1065 2576 1101 2610 p.
1119 2565 1154 2602 9.
1196 2565 1240 2600 cf.
1267 2564 1520 2609 Saqmpoesie
1546 2567 1613 2599 der

154 2632 337 2676 (ἔτ-10011011
361 2645 396 2680 p.
424 2634 511 2679 151)
545 2644 603 2678 vv.
630 2634 675 2670 39
700 2643 752 2679 sq.
778 2635 841 2679 qui
862 2637 946 2669 sunt
970 2634 1005 2669 in
1029 2634 1131 2671 Jovis
1165 2635 1339 2678 oratione,
1378 2634 1611 2671 removendos

148 2713 226 2737 esse
252 2702 459 2741 arbitratur.

1238 2772 1264 2812 2
1299 2779 1315 2795 φ
