1771 3010
737 224 778 228 m
883 197 935 239 14
1029 224 1082 230 ..-

863 315 961 370 §u

294 396 441 452 Atque
473 395 703 438 exordium
727 395 958 451 capiamus
992 409 1018 438 a
1040 396 1170 452 primi
1197 396 1309 441 libri·
1331 398 1512 440 deorum
1539 412 1642 442 con·
1675 394 1683 402 ”

172 476 290 520 cilio.
353 488 452 518 cum
485 475 602 519 enim
634 475 811 518 accidat
843 478 890 517 ut
921 476 1175 533 Neptunus,
1232 477 1307 533 qui
1352 475 1497 521 Ulixis
1542 479 1643 522 odio

173 557 314 608 ardet,
348 556 468 613 apud
498 555 742 613 Aethiopes
775 554 906 607 absit,
938 556 1009 599 dei
1040 555 1107 600 illi
1140 556 1332 600 reditum
1374 569 1535 614 parare
1567 559 1643 603 de—

174 642 372 681 cernunt.
438 638 509 694 qui
552 651 651 680 cum
695 637 751 680 ad
796 636 955 680 Jovem
1004 639 1311 691 convenerint,
1352 637 1427 681 hic
1468 639 1643 684 initium

173 721 282 763 facit
326 718 622 775 conloquendi
654 717 721 760 his
754 718 847 761 fere
880 717 1050 761 verbis:
1104 731 1205 771 ‚non
1238 732 1264 762 a
1306 719 1401 763 deis
1441 719 1640 765 homines

170 800 337 843 habent
366 799 501 851 mala,
533 800 612 842 sed
644 812 725 841 sua
756 800 955 855 ipsorum
988 799 1131 855 culpa.
1196 800 1315 856 quod
1346 801 1512 857 optime
1547 802 1638 845 col-

170 880 248 936 ligi
282 883 430 938 potest
461 892 515 922 ex
547 878 751 934 Aegisthi
781 879 975 923 fortuna.
1006 878 1078 923 hic
1111 879 1229 923 enim
1259 879 1641 936 Agamemnonem

174 963 421 1005 interficere
452 962 635 1016 eiusque
667 973 853 1002 uxorem
893 960 940 1002 in
978 961 1311 1003 matrimonium
1352 963 1513 1005 ducere
1552 977 1642 1006 non

179 1046 248 1087 est
278 1042 468 1093 veritus,
516 1053 772 1097 quanquam
803 1052 830 1083 a
872 1039 1091 1085 Mercurio
1137 1054 1191 1085 ne
1234 1041 1318 1085 hoc
1361 1042 1642 1088 conmitteret

171 1124 367 1166 monitus
400 1126 479 1165 est.
541 1135 659 1164 nunc
692 1125 840 1164 autem
873 1135 1040 1178 poenas
1073 1123 1314 1179 expendit.'
1341 1123 1411 1166 cui
1436 1123 1639 1167 Minerva

168 1204 443 1262 respondens
477 1203 666 1256 ,utinam
698 1203 790 1254 sic‘‚
822 1202 980 1260 inquit,
1026 1204 1190 1252 ,omnia
1222 1202 1392 1248 scelera
1431 1203 1635 1249 luantur!
1689 1208 1695 1211 ’

169 1286 245 1327 sed
279 1285 388 1327 mihi
419 1287 521 1326 ante
552 1296 704 1326 omnes
749 1282 902 1326 Ulixes
954 1288 1023 1326 est
1064 1297 1221 1336 curae,
1267 1285 1341 1341 qui
1384 1275 1663 1342 quanquam*

167 1365 389 1410 desiderio
421 1364 635 1416 tabescit,
680 1377 822 1421 neque
864 1362 948 1408 tibi
980 1377 1110 1408 sacra
1140 1365 1287 1409 facere
1316 1379 1512 1422 unquam
1561 1381 1636 1412 ne—

168 1448 320 1501 glexit,
353 1450 503 1489 tamen
535 1458 562 1487 a
593 1446 677 1488 dea
711 1446 847 1488 etiam
879 1459 996 1488 nunc
1028 1458 1055 1488 a
1075 1447 1225 1502 patria
1237 1447 1479 1489 retinetur'.
1514 1460 1636 1499 ‚sane

169 1526 376 1586 quidem’,
409 1527 474 1571 ait
512 1526 743 1584 Juppiter‚
786 1525 873 1578 ,ille
919 1530 963 1570 et
1006 1526 1183 1582 ingenio
1224 1530 1268 1570 et
1309 1526 1476 1585 pietate
1521 1528 1637 1572 inter

167 1623 319 1653 omnes
352 1608 546 1660 excellit,
578 1609 655 1651 sed
672 1608 903 1665 Neptunus
934 1607 996 1650 fili
1029 1608 1200 1652 caecati
1232 1620 1393 1652 caussa
1413 1609 1636 1653 eum'odio

167 1691 377 1749 persequi
417 1704 505 1734 non
545 1690 734 1734 desistit.
809 1703 1062 1747 quanquam
1102 1689 1172 1733 hic
1212 1689 1319 1733 mihi
1359 1690 1424 1734 ita
1467 1690 1635 1734 obtem-

166 1771 344 1830 perabit
374 1784 517 1827 neque
549 1774 705 1813 contra
737 1771 933 1813 omnium
966 1771 1147 1813 deorum
1181 1769 1455 1814 voluntatem
1486 1771 1635 1816 facere

166 1852 363 1904 audebit,
409 1855 458 1895 ut
490 1852 643 1894 statim
678 1864 761 1907 quo
792 1852 922 1894 modo
956 1850 1032 1894 ille
1064 1852 1218 1895 redeat
1250 1850 1518 1895 consulatis.'
1564 1852 1634 1895 cui

165 1933 327 1976 suadet
356 1931 559 1975 Minerva
588 1935 639 1974 ut
668 1930 939 1975 Mercurium
969 1931 1015 1974 in
1036 1930 1255 1988 Calypsus
1285 1930 1480 1974 insulam
1502 1930 1634 1987 leget,

170 2015 245 2072 qui
276 2013 442 2057 efficiat
471 2016 521 2056 ut
553 2026 650 2056 eum
685 2026 817 2069 quam
861 2012 1088 2056 celerrime
1128 2013 1337 2057 dimittat.
1400 2026 1446 2057 se
1486 2013 1634 2071 ipsam

166 2095 224 2139 ad
256 2093 568 2137 Telemachum
593 2093 893 2150 profecturam
926 2107 1022 2137 esse
1053 2097 1103 2138 ut
1133 2094 1228 2138 eius
1260 2094 1457 2137 animum
1475 2098 1632 2138 contra

162 2188 399 2233 procorum
430 2174 716 2218 insolentiam
751 2176 978 2219 confirmet
1009 2188 1194 2231 eumque
1226 2174 1384 2231 Pylum
1416 2179 1460 2219 et
1493 2175 1633 2231 Spar-

164 2260 257 2300 tam
299 2257 472 2307 mittat‚
523 2258 574 2298 ut
615 2255 669 2298 de
711 2256 854 2312 patris
908 2256 1088 2299 fortuna
1146 2256 1412 2299 sciscitetur.
1475 2255 1634 2313 quibus

163 2338 296 2382 rebus
328 2337 441 2381 actis
474 2337 658 2380 deorum
691 2337 929 2381 concilium
960 2336 1259 2394 derelinquit,
1291 2340 1425 2394 atque
1459 2341 1633 2387 tantum

165 2418 294 2463 abest
337 2421 388 2461 ut
428 2430 535 2460 num
575 2417 781 2475 Juppiter
820 2417 904 2461 hoc
946 2417 1148 2475 probarit
1197 2430 1541 2473 cognoscamus,
1582 2421 1633 2462 ut

162 2501 265 2544 inde
296 2512 436 2557 usque
467 2499 526 2542 ad
557 2500 705 2556 quarti
737 2498 842 2543 libri
872 2500 1002 2542 finem
1035 2500 1088 2542 de
1110 2498 1370 2543 Telemacho
1401 2503 1629 2543 narretur-

163 2585 259 2625 tum
290 2580 479 2638 denique
522 2583 693 2637 septem
735 2579 890 2623 diebus
934 2579 1233 2637 interiectis1)
1275 2579 1484 2638 Juppiter
1515 2579 1633 2624 redit·

257 2778 295 2821 1)
323 2777 367 2812 cf,
396 2783 419 2823 β
448 2779 479 2812 1.
506 2792 533 2826 γ
562 2778 592 2812 1.
620 2777 700 2813 404.
727 2777 797 2814 490
826 2789 878 2823 sq.
907 2780 924 2814 ὃ
952 2777 1034 2814 306.
