1771 3010
740 222 793 228 -—
885 196 910 236 7

151 320 269 362 storo
311 318 356 361 et
386 313 578 371 Neptuni
620 313 757 365 iram,
801 326 857 356 ne
900 312 1006 355 urbs
1049 308 1432 357 circumvalletur,
1475 306 1614 351 bobus

147 395 330 455 placare
370 397 583 438 statuunt.
633 393 713 438 sed
753 396 902 438 utrum
945 391 1029 436 hoc
1061 404 1088 435 a
1119 391 1202 436 deo
1232 387 1501 448 inpetrarint
1532 400 1613 431 nec

148 490 203 521 ne
235 476 346 520 adeo
376 490 464 519 non
496 473 777 533 perhibetur,
819 477 870 518 ut
909 473 1063 518 statim
1104 485 1216 530 quae
1246 472 1293 515 in
1323 468 1477 514 Ithaca
1507 467 1616 512 fiant

147 555 441 602 describatur.

824 637 923 693 §4-

262 719 383 784 Quae
416 716 594 763 fabulae
626 731 756 777 pars,
790 730 925 776 quam
955 715 1211 762 Nitzschius
1243 713 1483 760 embolium
1511 725 1610 757 esse

143 799 252 854 vult,
284 800 494 858 quoniam
525 799 582 843 ad
612 800 744 843 finem
775 799 992 857 perducta
1022 801 1102 850 est,
1134 798 1224 841 iam
1244 796 1473 840 videamus
1503 806 1610 837 num

141 880 217 926 ille
242 885 364 927 recte
396 882 451 925 de
483 894 535 925 eo
566 880 845 926 iudicaverit.

257 961 324 1006 Ac
366 974 619 1019 quanquam
663 959 804 1005 multo
859 960 1003 1017 magis
1047 972 1132 1017 quo
1174 958 1307 1003 modo
1348 956 1503 1001 Ulixes
1547 954 1603 999 ab

140 1041 240 1087 aliis
271 1041 447 1087 dolores
478 1042 754 1100 perpetiatur
786 1041 1069 1094 describitur,
1105 1053 1240 1098 quam
1263 1052 1347 1097 quo
1369 1038 1501 1082 modo
1533 1048 1604 1080 res

138 1127 266 1179 gerat
300 1124 417 1181 ipse,
468 1135 722 1180 quanquam
768 1122 991 1167 ulciscens
1031 1134 1273 1180 nusquam,
1315 1130 1483 1178 poenas
1514 1116 1603 1161 sol—

137 1217 244 1248 vens
289 1203 450 1261 ubique
496 1204 705 1261 adparet:
756 1208 909 1247 tamen
953 1203 1211 1258 diligentius
1257 1205 1302 1245 et
1343 1199 1602 1245 adcuratius

135 1286 508 1344 perscrutandum
542 1289 610 1330 est
639 1300 745 1331 num
777 1285 1007 1331 Nitzchius
1049 1299 1129 1331 suo
1162 1286 1259 1329 iure
1288 1286 1416 1342 putet
1456 1280 1600 1327 solam

135 1379 336 1411 errorum
367 1380 573 1412 caussam
604 1368 651 1411 in
683 1381 734 1413 eo
767 1381 864 1414 esse
895 1368 1113 1426 positam,
1145 1366 1264 1424 quod
1294 1364 1503 1423 Juppiter
1531 1364 1600 1407 in·

131 1448 296 1492 iuriam
339 1448 471 1492 fratri
513 1448 699 1493 inlatam
749 1449 991 1494 ulciscatur
1035 1452 1264 1506 totamque
1307 1445 1508 1491 fabulam
1550 1444 1599 1487 id

132 1532 351 1586 spectare,
384 1533 433 1573 ut
462 1529 662 1574 homines
684 1544 773 1575 non
796 1530 928 1588 plura
951 1544 978 1574 a
999 1530 1093 1575 deis
1124 1528 1432 1588 perpetiantur
1464 1538 1597 1583 quam

129 1609 218 1666 ipsi
249 1609 510 1667 delinquant
526 1609 576 1666 ¹).

248 1688 364 1733 Huic
395 1691 512 1734 enim
547 1692 773 1735 contraria
804 1696 874 1735 est
904 1691 1126 1735 sententia
1149 1689 1325 1737 Jacobi‚
1358 1690 1433 1747 qui
1453 1700 1594 1746 neque

126 1771 174 1814 in
205 1770 290 1815 hoc
321 1771 535 1824 embolio,
583 1785 725 1830 neque
754 1773 803 1816 in
842 1772 945 1816 aliis
979 1773 1205 1829 Odysseae
1243 1771 1371 1814 libris
1413 1770 1593 1813 unicam

129 1864 335 1897 caussam
366 1852 511 1897 Ulixis
543 1866 743 1897 errorum
774 1867 963 1911 poenam
994 1867 1091 1898 esse
1122 1855 1285 1905 censet,
1317 1864 1451 1910 quam
1481 1849 1593 1907 Jup-

126 1933 242 1991 piter
286 1932 435 1978 laesae
475 1934 630 1978 fratris
677 1935 927 1978 maiestatis
971 1947 1131 1978 caussa
1169 1934 1224 1977 de
1269 1946 1319 1977 eo
1361 1929 1591 1989 repetit2).

125 2013 243 2072 quod
292 2017 341 2058 ut
385 2013 545 2072 probet
590 2015 783 2072 primum
829 2015 979 2060 adfert
1023 2031 1050 2057 α
1093 2014 1123 2058 4
1154 2027 1248 2073 sqq.
1298 2012 1332 2065 ,Β
1376 2012 1460 2056 174
1492 2024 1589 2069 sqq.

124 2111 154 2152 γ
187 2081 272 2139 130
301 2108 396 2153 sqq.
431 2112 460 2152 γ
495 2096 591 2139 152.
626 2094 648 2138 δ
673 2097 760 2141 555
792 2110 888 2154 sqq.
922 2113 939 2139 ε
967 2098 1019 2141 13
1050 2109 1146 2153 sqq.
1180 2112 1198 2138 ε
1230 2096 1299 2139 30.
1335 2111 1353 2138 ε
1377 2094 1460 2138 105
1490 2106 1586 2150 sqq.

124 2175 168 2233 ψ
194 2174 282 2220 312
305 2189 399 2234 sqq.
434 2189 519 2233 quo
540 2177 586 2220 in
617 2191 799 2221 numero
833 2178 1006 2221 minimi
1024 2178 1230 2221 videntur
1254 2190 1352 2220 esse
1373 2176 1587 2219 momenti

122 2270 236 2314 quae
269 2256 313 2314 ψ
333 2258 419 2301 312
441 2270 535 2315 sqq.
568 2257 770 2314 legimus,
804 2260 1013 2316 quoniam
1038 2258 1152 2302 hanc
1173 2261 1417 2302 extremam
1440 2256 1584 2314 Odys-

119 2350 221 2382 seae
250 2341 427 2396 partem
459 2338 514 2383 ab
554 2338 654 2385 aliis
696 2340 968 2385 carminibus
1008 2339 1299 2385 resecandam
1340 2352 1438 2384 esse
1478 2351 1585 2383 cau-

119 2420 378 2478 tissimeque
410 2422 504 2465 eius
535 2434 690 2466 versus
722 2422 998 2467 adhibendos
1031 2435 1128 2466 esse
1160 2422 1219 2466 ad
1250 2421 1363 2466 alios
1384 2420 1583 2465 refutan-

210 2616 250 2661 1)
278 2616 321 2650 ad
349 2616 477 2661 oayss.
505 2618 552 2653 11.
577 2619 690 2664 praef.
718 2629 755 2663 p.
781 2602 937 2653 xxx1x.
1529 2669 1531 2671 Υ

206 2684 249 2729 2)
279 2683 394 2720 Uebor
430 2687 490 2721 dic
524 2686 761 2733 Entstehuny
796 2688 863 2722 der
899 2687 993 2723 Ilias
1029 2689 1107 2723 und
1140 2689 1207 2724 der
1236 2688 1402 2733 Odyssea.
1454 2688 1583 2722 Berlin

120 2753 210 2790 1856
239 2764 300 2800 pp.
328 2754 397 2790 423
424 2766 499 2802 sqq.
