<?xml version="1.0" encoding="UTF-8"?>
<!DOCTYPE html PUBLIC "-//W3C//DTD XHTML 1.0 Transitional//EN"
    "http://www.w3.org/TR/xhtml1/DTD/xhtml1-transitional.dtd">
<html xmlns="http://www.w3.org/1999/xhtml" xml:lang="en" lang="en">
 <head>
  <title>
</title>
<meta http-equiv="Content-Type" content="text/html;charset=utf-8" />
  <meta name='ocr-system' content='tesseract 3.04.00' />
  <meta name='ocr-capabilities' content='ocr_page ocr_carea ocr_par ocr_line ocrx_word'/>
</head>
<body>
  <div class='ocr_page' id='page_1' title='image "4737178_0009.png"; bbox 0 0 1771 3010; ppageno 0'>
   <div class='ocr_carea' id='block_1_1' title="bbox 154 640 1622 1907">
    <p class='ocr_par' dir='ltr' id='par_1_1' title="bbox 840 640 936 692">
     <span class='ocr_line' id='line_1_1' title="bbox 840 640 936 692; baseline -0.01 -11"><span class='ocrx_word' id='word_1_1' title='bbox 840 641 867 692; x_wconf 68' lang='grc' dir='ltr'><strong>ξ</strong></span> <span class='ocrx_word' id='word_1_2' title='bbox 900 640 936 681; x_wconf 89' lang='grc'>1.</span> 
     </span>
    </p>

    <p class='ocr_par' dir='ltr' id='par_1_2' title="bbox 154 717 1622 1907">
     <span class='ocr_line' id='line_1_2' title="bbox 273 717 1614 777; baseline 0 -14"><span class='ocrx_word' id='word_1_3' title='bbox 273 717 596 772; x_wconf 83' lang='lat' dir='ltr'>Quaerentibus</span> <span class='ocrx_word' id='word_1_4' title='bbox 627 718 754 763; x_wconf 88' lang='lat' dir='ltr'>nobis</span> <span class='ocrx_word' id='word_1_5' title='bbox 788 719 931 777; x_wconf 89' lang='lat' dir='ltr'>qualis</span> <span class='ocrx_word' id='word_1_6' title='bbox 962 720 1096 764; x_wconf 84' lang='lat' dir='ltr'>fuerit</span> <span class='ocrx_word' id='word_1_7' title='bbox 1126 717 1252 763; x_wconf 88' lang='lat' dir='ltr'>Jovis</span> <span class='ocrx_word' id='word_1_8' title='bbox 1279 718 1502 764; x_wconf 84' lang='lat' dir='ltr'>Homerici</span> <span class='ocrx_word' id='word_1_9' title='bbox 1534 732 1614 764; x_wconf 87' lang='lat' dir='ltr'>na-</span> 
     </span>
     <span class='ocr_line' id='line_1_3' title="bbox 154 798 1616 859; baseline 0.001 -14"><span class='ocrx_word' id='word_1_10' title='bbox 154 804 257 845; x_wconf 89' lang='lat' dir='ltr'>tura</span> <span class='ocrx_word' id='word_1_11' title='bbox 301 804 432 859; x_wconf 86' lang='lat' dir='ltr'>atque</span> <span class='ocrx_word' id='word_1_12' title='bbox 472 804 672 858; x_wconf 89' lang='lat' dir='ltr'>potestas</span> <span class='ocrx_word' id='word_1_13' title='bbox 704 801 750 844; x_wconf 92' lang='lat' dir='ltr'>in</span> <span class='ocrx_word' id='word_1_14' title='bbox 783 798 1052 845; x_wconf 84' lang='lat' dir='ltr'>carminibus</span> <span class='ocrx_word' id='word_1_15' title='bbox 1085 800 1257 844; x_wconf 91' lang='lat' dir='ltr'>duobus</span> <span class='ocrx_word' id='word_1_16' title='bbox 1288 799 1538 845; x_wconf 80' lang='lat' dir='ltr'>Homericis</span> <span class='ocrx_word' id='word_1_17' title='bbox 1569 802 1616 846; x_wconf 90' lang='lat' dir='ltr'>id</span> 
     </span>
     <span class='ocr_line' id='line_1_4' title="bbox 156 882 1617 941; baseline 0 -14"><span class='ocrx_word' id='word_1_18' title='bbox 156 883 438 941; x_wconf 88' lang='lat' dir='ltr'>potissimum</span> <span class='ocrx_word' id='word_1_19' title='bbox 469 883 761 939; x_wconf 87' lang='lat' dir='ltr'>spectandum</span> <span class='ocrx_word' id='word_1_20' title='bbox 793 886 883 930; x_wconf 87' lang='lat' dir='ltr'>est,</span> <span class='ocrx_word' id='word_1_21' title='bbox 915 887 964 926; x_wconf 91' lang='lat' dir='ltr'>ut</span> <span class='ocrx_word' id='word_1_22' title='bbox 994 896 1081 926; x_wconf 89' lang='lat' dir='ltr'>non</span> <span class='ocrx_word' id='word_1_23' title='bbox 1114 882 1238 926; x_wconf 88' lang='lat' dir='ltr'>nulla</span> <span class='ocrx_word' id='word_1_24' title='bbox 1270 883 1525 926; x_wconf 84' lang='lat' dir='ltr'>adferamus</span> <span class='ocrx_word' id='word_1_25' title='bbox 1558 883 1617 927; x_wconf 84' lang='lat' dir='ltr'>ad</span> 
     </span>
     <span class='ocr_line' id='line_1_5' title="bbox 157 964 1616 1024; baseline 0 -15"><span class='ocrx_word' id='word_1_26' title='bbox 157 965 461 1024; x_wconf 89' lang='lat' dir='ltr'>quaestionem</span> <span class='ocrx_word' id='word_1_27' title='bbox 503 978 616 1023; x_wconf 91' lang='lat' dir='ltr'>quae</span> <span class='ocrx_word' id='word_1_28' title='bbox 661 964 825 1009; x_wconf 91' lang='lat' dir='ltr'>dicitur</span> <span class='ocrx_word' id='word_1_29' title='bbox 856 964 1029 1023; x_wconf 86' lang='lat' dir='ltr'>epicam</span> <span class='ocrx_word' id='word_1_30' title='bbox 1070 964 1408 1023; x_wconf 89' lang='lat' dir='ltr'>profligandam.</span> <span class='ocrx_word' id='word_1_31' title='bbox 1450 978 1538 1023; x_wconf 88' lang='lat' dir='ltr'>qua</span> <span class='ocrx_word' id='word_1_32' title='bbox 1569 977 1616 1009; x_wconf 91' lang='lat' dir='ltr'>re</span> 
     </span>
     <span class='ocr_line' id='line_1_6' title="bbox 155 1046 1618 1103; baseline -0.001 -13"><span class='ocrx_word' id='word_1_33' title='bbox 155 1050 254 1090; x_wconf 87' lang='lat' dir='ltr'>tota</span> <span class='ocrx_word' id='word_1_34' title='bbox 292 1046 402 1089; x_wconf 85' lang='lat' dir='ltr'>haec</span> <span class='ocrx_word' id='word_1_35' title='bbox 442 1046 642 1101; x_wconf 84' lang='lat' dir='ltr'>quaestio</span> <span class='ocrx_word' id='word_1_36' title='bbox 683 1046 749 1089; x_wconf 89' lang='lat' dir='ltr'>ita</span> <span class='ocrx_word' id='word_1_37' title='bbox 778 1046 1052 1089; x_wconf 88' lang='lat' dir='ltr'>instituenda</span> <span class='ocrx_word' id='word_1_38' title='bbox 1095 1046 1201 1098; x_wconf 90' lang='lat' dir='ltr'>erit,</span> <span class='ocrx_word' id='word_1_39' title='bbox 1250 1050 1299 1089; x_wconf 91' lang='lat' dir='ltr'>ut</span> <span class='ocrx_word' id='word_1_40' title='bbox 1328 1047 1522 1103; x_wconf 88' lang='lat' dir='ltr'>primum</span> <span class='ocrx_word' id='word_1_41' title='bbox 1554 1047 1618 1089; x_wconf 86' lang='lat' dir='ltr'>vi·</span> 
     </span>
     <span class='ocr_line' id='line_1_7' title="bbox 156 1125 1619 1184; baseline -0.001 -12"><span class='ocrx_word' id='word_1_42' title='bbox 156 1127 339 1172; x_wconf 85' lang='lat' dir='ltr'>deamus</span> <span class='ocrx_word' id='word_1_43' title='bbox 370 1129 519 1170; x_wconf 90' lang='lat' dir='ltr'>utrum</span> <span class='ocrx_word' id='word_1_44' title='bbox 539 1126 664 1170; x_wconf 81' lang='lat' dir='ltr'>Jovis</span> <span class='ocrx_word' id='word_1_45' title='bbox 685 1125 909 1170; x_wconf 86' lang='lat' dir='ltr'>Homerici</span> <span class='ocrx_word' id='word_1_46' title='bbox 939 1131 1100 1174; x_wconf 82' lang='lat' dir='ltr'>natura</span> <span class='ocrx_word' id='word_1_47' title='bbox 1131 1131 1263 1184; x_wconf 88' lang='lat' dir='ltr'>atque</span> <span class='ocrx_word' id='word_1_48' title='bbox 1293 1131 1514 1184; x_wconf 80' lang='lat' dir='ltr'>potestate</span> <span class='ocrx_word' id='word_1_49' title='bbox 1538 1141 1619 1171; x_wconf 89' lang='lat' dir='ltr'>no-</span> 
     </span>
     <span class='ocr_line' id='line_1_8' title="bbox 157 1207 1619 1265; baseline -0.001 -13"><span class='ocrx_word' id='word_1_50' title='bbox 157 1208 227 1252; x_wconf 91' lang='lat' dir='ltr'>bis</span> <span class='ocrx_word' id='word_1_51' title='bbox 259 1207 458 1252; x_wconf 88' lang='lat' dir='ltr'>Nitzschi</span> <span class='ocrx_word' id='word_1_52' title='bbox 491 1207 764 1264; x_wconf 87' lang='lat' dir='ltr'>aliorumque</span> <span class='ocrx_word' id='word_1_53' title='bbox 800 1209 1021 1251; x_wconf 88' lang='lat' dir='ltr'>sententia</span> <span class='ocrx_word' id='word_1_54' title='bbox 1053 1208 1278 1265; x_wconf 88' lang='lat' dir='ltr'>probetur,</span> <span class='ocrx_word' id='word_1_55' title='bbox 1312 1209 1386 1265; x_wconf 91' lang='lat' dir='ltr'>qui</span> <span class='ocrx_word' id='word_1_56' title='bbox 1418 1208 1619 1252; x_wconf 86' lang='lat' dir='ltr'>carmina</span> 
     </span>
     <span class='ocr_line' id='line_1_9' title="bbox 158 1289 1620 1346; baseline 0 -13"><span class='ocrx_word' id='word_1_57' title='bbox 158 1289 237 1334; x_wconf 86' lang='lat' dir='ltr'>illa</span> <span class='ocrx_word' id='word_1_58' title='bbox 268 1289 323 1333; x_wconf 86' lang='lat' dir='ltr'>ab</span> <span class='ocrx_word' id='word_1_59' title='bbox 355 1303 442 1332; x_wconf 91' lang='lat' dir='ltr'>uno</span> <span class='ocrx_word' id='word_1_60' title='bbox 474 1295 607 1346; x_wconf 86' lang='lat' dir='ltr'>poeta</span> <span class='ocrx_word' id='word_1_61' title='bbox 649 1290 882 1346; x_wconf 91' lang='lat' dir='ltr'>conposita</span> <span class='ocrx_word' id='word_1_62' title='bbox 922 1303 1017 1332; x_wconf 89' lang='lat' dir='ltr'>esse</span> <span class='ocrx_word' id='word_1_63' title='bbox 1060 1291 1214 1333; x_wconf 87' lang='lat' dir='ltr'>dicunt</span> <span class='ocrx_word' id='word_1_64' title='bbox 1256 1304 1313 1333; x_wconf 90' lang='lat' dir='ltr'>an</span> <span class='ocrx_word' id='word_1_65' title='bbox 1344 1289 1620 1333; x_wconf 89' lang='lat' dir='ltr'>Lachmanni</span> 
     </span>
     <span class='ocr_line' id='line_1_10' title="bbox 160 1370 1622 1429; baseline -0.001 -14"><span class='ocrx_word' id='word_1_66' title='bbox 160 1384 413 1429; x_wconf 91' lang='lat' dir='ltr'>eorumque,</span> <span class='ocrx_word' id='word_1_67' title='bbox 445 1372 520 1429; x_wconf 89' lang='lat' dir='ltr'>qui</span> <span class='ocrx_word' id='word_1_68' title='bbox 551 1371 644 1414; x_wconf 87' lang='lat' dir='ltr'>eius</span> <span class='ocrx_word' id='word_1_69' title='bbox 677 1371 866 1426; x_wconf 86' lang='lat' dir='ltr'>vestigia</span> <span class='ocrx_word' id='word_1_70' title='bbox 896 1374 1167 1428; x_wconf 89' lang='lat' dir='ltr'>presserunt,</span> <span class='ocrx_word' id='word_1_71' title='bbox 1200 1371 1273 1428; x_wconf 92' lang='lat' dir='ltr'>qui</span> <span class='ocrx_word' id='word_1_72' title='bbox 1296 1375 1340 1415; x_wconf 90' lang='lat' dir='ltr'>et</span> <span class='ocrx_word' id='word_1_73' title='bbox 1370 1370 1555 1414; x_wconf 88' lang='lat' dir='ltr'>Iliadem</span> <span class='ocrx_word' id='word_1_74' title='bbox 1577 1375 1622 1414; x_wconf 90' lang='lat' dir='ltr'>et</span> 
     </span>
     <span class='ocr_line' id='line_1_11' title="bbox 160 1453 1622 1511; baseline -0.002 -13"><span class='ocrx_word' id='word_1_75' title='bbox 160 1453 407 1511; x_wconf 88' lang='lat' dir='ltr'>Odysseam</span> <span class='ocrx_word' id='word_1_76' title='bbox 445 1453 492 1496; x_wconf 92' lang='lat' dir='ltr'>in</span> <span class='ocrx_word' id='word_1_77' title='bbox 524 1453 702 1496; x_wconf 88' lang='lat' dir='ltr'>diversa</span> <span class='ocrx_word' id='word_1_78' title='bbox 744 1454 944 1497; x_wconf 89' lang='lat' dir='ltr'>carmina</span> <span class='ocrx_word' id='word_1_79' title='bbox 975 1466 1002 1496; x_wconf 92' lang='lat' dir='ltr'>a</span> <span class='ocrx_word' id='word_1_80' title='bbox 1043 1453 1229 1496; x_wconf 90' lang='lat' dir='ltr'>diversis</span> <span class='ocrx_word' id='word_1_81' title='bbox 1272 1453 1415 1510; x_wconf 82' lang='lat' dir='ltr'>poetis</span> <span class='ocrx_word' id='word_1_82' title='bbox 1462 1465 1622 1509; x_wconf 89' lang='lat' dir='ltr'>conpo-</span> 
     </span>
     <span class='ocr_line' id='line_1_12' title="bbox 159 1533 1622 1590; baseline -0.003 -11"><span class='ocrx_word' id='word_1_83' title='bbox 159 1536 248 1579; x_wconf 88' lang='lat' dir='ltr'>sita</span> <span class='ocrx_word' id='word_1_84' title='bbox 278 1534 494 1578; x_wconf 89' lang='lat' dir='ltr'>secandas</span> <span class='ocrx_word' id='word_1_85' title='bbox 528 1546 625 1577; x_wconf 88' lang='lat' dir='ltr'>esse</span> <span class='ocrx_word' id='word_1_86' title='bbox 647 1539 842 1577; x_wconf 87' lang='lat' dir='ltr'>censent.</span> <span class='ocrx_word' id='word_1_87' title='bbox 906 1534 1068 1578; x_wconf 87' lang='lat' dir='ltr'>deinde</span> <span class='ocrx_word' id='word_1_88' title='bbox 1097 1547 1163 1585; x_wconf 88' lang='lat' dir='ltr'>ea,</span> <span class='ocrx_word' id='word_1_89' title='bbox 1199 1534 1253 1577; x_wconf 90' lang='lat' dir='ltr'>de</span> <span class='ocrx_word' id='word_1_90' title='bbox 1284 1533 1443 1590; x_wconf 87' lang='lat' dir='ltr'>quibus</span> <span class='ocrx_word' id='word_1_91' title='bbox 1474 1534 1622 1590; x_wconf 89' lang='lat' dir='ltr'>priore</span> 
     </span>
     <span class='ocr_line' id='line_1_13' title="bbox 159 1614 1622 1675; baseline -0.002 -16"><span class='ocrx_word' id='word_1_92' title='bbox 159 1619 287 1675; x_wconf 86' lang='lat' dir='ltr'>parte</span> <span class='ocrx_word' id='word_1_93' title='bbox 319 1616 560 1673; x_wconf 85' lang='lat' dir='ltr'>separatim</span> <span class='ocrx_word' id='word_1_94' title='bbox 594 1618 741 1658; x_wconf 85' lang='lat' dir='ltr'>actum</span> <span class='ocrx_word' id='word_1_95' title='bbox 773 1620 853 1667; x_wconf 89' lang='lat' dir='ltr'>est,</span> <span class='ocrx_word' id='word_1_96' title='bbox 883 1615 930 1657; x_wconf 90' lang='lat' dir='ltr'>in</span> <span class='ocrx_word' id='word_1_97' title='bbox 961 1628 1094 1657; x_wconf 89' lang='lat' dir='ltr'>unam</span> <span class='ocrx_word' id='word_1_98' title='bbox 1126 1614 1255 1671; x_wconf 89' lang='lat' dir='ltr'>quasi</span> <span class='ocrx_word' id='word_1_99' title='bbox 1286 1615 1527 1669; x_wconf 86' lang='lat' dir='ltr'>imaginem</span> <span class='ocrx_word' id='word_1_100' title='bbox 1557 1614 1622 1656; x_wconf 85' lang='lat' dir='ltr'>ita</span> 
     </span>
     <span class='ocr_line' id='line_1_14' title="bbox 162 1694 1621 1756; baseline -0.003 -14"><span class='ocrx_word' id='word_1_101' title='bbox 162 1698 519 1756; x_wconf 88' lang='lat' dir='ltr'>conplectamur‚</span> <span class='ocrx_word' id='word_1_102' title='bbox 568 1701 617 1740; x_wconf 91' lang='lat' dir='ltr'>ut</span> <span class='ocrx_word' id='word_1_103' title='bbox 649 1710 733 1754; x_wconf 93' lang='lat' dir='ltr'>quo</span> <span class='ocrx_word' id='word_1_104' title='bbox 768 1696 898 1740; x_wconf 93' lang='lat' dir='ltr'>modo</span> <span class='ocrx_word' id='word_1_105' title='bbox 931 1695 1057 1739; x_wconf 84' lang='lat' dir='ltr'>Jovis</span> <span class='ocrx_word' id='word_1_106' title='bbox 1088 1694 1316 1740; x_wconf 91' lang='lat' dir='ltr'>Homerici</span> <span class='ocrx_word' id='word_1_107' title='bbox 1346 1697 1413 1739; x_wconf 84' lang='lat' dir='ltr'>vis</span> <span class='ocrx_word' id='word_1_108' title='bbox 1459 1708 1510 1738; x_wconf 88' lang='lat' dir='ltr'>ac</span> <span class='ocrx_word' id='word_1_109' title='bbox 1541 1708 1621 1738; x_wconf 88' lang='lat' dir='ltr'>na-</span> 
     </span>
     <span class='ocr_line' id='line_1_15' title="bbox 162 1775 1622 1837; baseline -0.003 -12"><span class='ocrx_word' id='word_1_110' title='bbox 162 1785 264 1825; x_wconf 87' lang='lat' dir='ltr'>tura</span> <span class='ocrx_word' id='word_1_111' title='bbox 297 1780 361 1824; x_wconf 88' lang='lat' dir='ltr'>ab·</span> <span class='ocrx_word' id='word_1_112' title='bbox 383 1778 642 1837; x_wconf 87' lang='lat' dir='ltr'>inperfectis</span> <span class='ocrx_word' id='word_1_113' title='bbox 673 1778 813 1822; x_wconf 88' lang='lat' dir='ltr'>initiis</span> <span class='ocrx_word' id='word_1_114' title='bbox 853 1777 1054 1835; x_wconf 87' lang='lat' dir='ltr'>profecta</span> <span class='ocrx_word' id='word_1_115' title='bbox 1086 1777 1146 1820; x_wconf 88' lang='lat' dir='ltr'>sit</span> <span class='ocrx_word' id='word_1_116' title='bbox 1178 1777 1236 1820; x_wconf 89' lang='lat' dir='ltr'>ad</span> <span class='ocrx_word' id='word_1_117' title='bbox 1266 1777 1397 1821; x_wconf 89' lang='lat' dir='ltr'>finem</span> <span class='ocrx_word' id='word_1_118' title='bbox 1442 1775 1622 1821; x_wconf 88' lang='lat' dir='ltr'>absolu-</span> 
     </span>
     <span class='ocr_line' id='line_1_16' title="bbox 159 1862 594 1907; baseline -0.009 0"><span class='ocrx_word' id='word_1_119' title='bbox 159 1864 320 1907; x_wconf 88' lang='lat' dir='ltr'>tiorem</span> <span class='ocrx_word' id='word_1_120' title='bbox 350 1862 594 1906; x_wconf 79' lang='lat' dir='ltr'>videamus.</span> 
     </span>
    </p>
   </div>
   <div class='ocr_carea' id='block_1_2' title="bbox 758 1942 1030 1949">
    <p class='ocr_par' dir='ltr' id='par_1_3' title="bbox 758 1942 1030 1949">
     <span class='ocr_line' id='line_1_17' title="bbox 758 1942 1030 1949; baseline 0.007 -3"><span class='ocrx_word' id='word_1_121' title='bbox 758 1942 1030 1949; x_wconf 44' lang='lat'><em>.*-,-—-——-..-</em></span> 
     </span>
    </p>
   </div>
   <div class='ocr_carea' id='block_1_3' title="bbox 709 2060 1074 2132">
    <p class='ocr_par' dir='ltr' id='par_1_4' title="bbox 709 2060 1074 2132">
     <span class='ocr_line' id='line_1_18' title="bbox 709 2060 1074 2132; baseline -0.003 -17"><span class='ocrx_word' id='word_1_122' title='bbox 709 2060 856 2115; x_wconf 86' lang='lat' dir='ltr'>Pars</span> <span class='ocrx_word' id='word_1_123' title='bbox 904 2063 1074 2132; x_wconf 86' lang='lat' dir='ltr'>prior.</span> 
     </span>
    </p>
   </div>
   <div class='ocr_carea' id='block_1_4' title="bbox 165 2199 1627 2332">
    <p class='ocr_par' dir='ltr' id='par_1_5' title="bbox 165 2199 1627 2332">
     <span class='ocr_line' id='line_1_19' title="bbox 165 2199 1627 2251; baseline -0.004 -8"><span class='ocrx_word' id='word_1_124' title='bbox 165 2203 274 2243; x_wconf 86' lang='lat' dir='ltr'>Num</span> <span class='ocrx_word' id='word_1_125' title='bbox 305 2204 363 2243; x_wconf 83' lang='lat' dir='ltr'>sit</span> <span class='ocrx_word' id='word_1_126' title='bbox 394 2202 511 2245; x_wconf 81' lang='lat' dir='ltr'>Jovis</span> <span class='ocrx_word' id='word_1_127' title='bbox 538 2200 752 2241; x_wconf 80' lang='lat' dir='ltr'>Homerici</span> <span class='ocrx_word' id='word_1_128' title='bbox 781 2202 949 2240; x_wconf 76' lang='lat' dir='ltr'>natura</span> <span class='ocrx_word' id='word_1_129' title='bbox 979 2202 1110 2249; x_wconf 76' lang='lat' dir='ltr'>atque</span> <span class='ocrx_word' id='word_1_130' title='bbox 1132 2201 1332 2251; x_wconf 80' lang='lat' dir='ltr'>potestas</span> <span class='ocrx_word' id='word_1_131' title='bbox 1363 2200 1409 2238; x_wconf 76' lang='lat' dir='ltr'>in</span> <span class='ocrx_word' id='word_1_132' title='bbox 1441 2199 1627 2238; x_wconf 73' lang='lat' dir='ltr'>diversis</span> 
     </span>
     <span class='ocr_line' id='line_1_20' title="bbox 546 2281 1233 2332; baseline -0.006 -9"><span class='ocrx_word' id='word_1_133' title='bbox 546 2284 786 2324; x_wconf 76' lang='lat' dir='ltr'>carminum</span> <span class='ocrx_word' id='word_1_134' title='bbox 808 2281 1016 2332; x_wconf 80' lang='lat' dir='ltr'>partibus</span> <span class='ocrx_word' id='word_1_135' title='bbox 1047 2281 1233 2320; x_wconf 83' lang='lat' dir='ltr'>diversa.</span> 
     </span>
    </p>
   </div>
   <div class='ocr_carea' id='block_1_5' title="bbox 797 2392 997 2453">
    <p class='ocr_par' dir='ltr' id='par_1_6' title="bbox 797 2392 997 2453">
     <span class='ocr_line' id='line_1_21' title="bbox 797 2392 997 2453; baseline -0.005 -13"><span class='ocrx_word' id='word_1_136' title='bbox 797 2393 934 2453; x_wconf 74' lang='lat' dir='ltr'>Caput</span> <span class='ocrx_word' id='word_1_137' title='bbox 963 2392 997 2439; x_wconf 91' lang='grc' dir='ltr'>Ι.</span> 
     </span>
    </p>
   </div>
   <div class='ocr_carea' id='block_1_6' title="bbox 388 2486 1417 2534">
    <p class='ocr_par' dir='ltr' id='par_1_7' title="bbox 388 2486 1417 2534">
     <span class='ocr_line' id='line_1_22' title="bbox 388 2486 1417 2534; baseline -0.004 -9"><span class='ocrx_word' id='word_1_138' title='bbox 388 2491 486 2534; x_wconf 81' lang='lat' dir='ltr'>Quae</span> <span class='ocrx_word' id='word_1_139' title='bbox 513 2490 560 2524; x_wconf 77' lang='lat' dir='ltr'>sit</span> <span class='ocrx_word' id='word_1_140' title='bbox 585 2490 621 2523; x_wconf 88' lang='lat' dir='ltr'>in</span> <span class='ocrx_word' id='word_1_141' title='bbox 647 2487 808 2531; x_wconf 82' lang='lat' dir='ltr'>Odyssea</span> <span class='ocrx_word' id='word_1_142' title='bbox 835 2486 937 2521; x_wconf 82' lang='lat' dir='ltr'>Jovis</span> <span class='ocrx_word' id='word_1_143' title='bbox 962 2488 1086 2521; x_wconf 75' lang='lat' dir='ltr'>natura</span> <span class='ocrx_word' id='word_1_144' title='bbox 1115 2489 1220 2531; x_wconf 76' lang='lat' dir='ltr'>atque</span> <span class='ocrx_word' id='word_1_145' title='bbox 1246 2488 1417 2530; x_wconf 76' lang='lat' dir='ltr'>potestas.</span> 
     </span>
    </p>
   </div>
   <div class='ocr_carea' id='block_1_7' title="bbox 158 2579 1633 2802">
    <p class='ocr_par' dir='ltr' id='par_1_8' title="bbox 158 2579 1633 2802">
     <span class='ocr_line' id='line_1_23' title="bbox 860 2579 957 2635; baseline -0.041 -12"><span class='ocrx_word' id='word_1_146' title='bbox 860 2580 888 2635; x_wconf 60' lang='grc' dir='ltr'><strong>ς</strong></span> <span class='ocrx_word' id='word_1_147' title='bbox 916 2579 957 2622; x_wconf 81' lang='grc'>2.</span> 
     </span>
     <span class='ocr_line' id='line_1_24' title="bbox 283 2658 1631 2727; baseline -0.006 -18"><span class='ocrx_word' id='word_1_148' title='bbox 283 2665 430 2721; x_wconf 89' lang='lat' dir='ltr'>Atque</span> <span class='ocrx_word' id='word_1_149' title='bbox 460 2664 507 2708; x_wconf 91' lang='lat' dir='ltr'>in</span> <span class='ocrx_word' id='word_1_150' title='bbox 536 2662 684 2720; x_wconf 90' lang='lat' dir='ltr'>priore</span> <span class='ocrx_word' id='word_1_151' title='bbox 714 2660 794 2704; x_wconf 91' lang='lat' dir='ltr'>illa</span> <span class='ocrx_word' id='word_1_152' title='bbox 822 2664 952 2717; x_wconf 89' lang='lat' dir='ltr'>parte</span> <span class='ocrx_word' id='word_1_153' title='bbox 976 2659 1215 2727; x_wconf 86' lang='lat' dir='ltr'>tractanda</span> <span class='ocrx_word' id='word_1_154' title='bbox 1242 2659 1297 2702; x_wconf 86' lang='lat' dir='ltr'>ab</span> <span class='ocrx_word' id='word_1_155' title='bbox 1320 2658 1522 2717; x_wconf 87' lang='lat' dir='ltr'>Odyssea</span> <span class='ocrx_word' id='word_1_156' title='bbox 1545 2658 1631 2702; x_wconf 90' lang='lat' dir='ltr'>ini-</span> 
     </span>
     <span class='ocr_line' id='line_1_25' title="bbox 158 2739 1633 2802; baseline -0.003 -15"><span class='ocrx_word' id='word_1_157' title='bbox 158 2745 280 2789; x_wconf 78' lang='lat' dir='ltr'>tium</span> <span class='ocrx_word' id='word_1_158' title='bbox 320 2746 545 2802; x_wconf 82' lang='lat' dir='ltr'>capientes</span> <span class='ocrx_word' id='word_1_159' title='bbox 587 2744 778 2801; x_wconf 88' lang='lat' dir='ltr'>primum</span> <span class='ocrx_word' id='word_1_160' title='bbox 822 2742 1107 2796; x_wconf 72' lang='lat' dir='ltr'>anquiramus</span> <span class='ocrx_word' id='word_1_161' title='bbox 1137 2753 1270 2796; x_wconf 86' lang='lat' dir='ltr'>quam</span> <span class='ocrx_word' id='word_1_162' title='bbox 1303 2742 1391 2782; x_wconf 80' lang='lat' dir='ltr'>vim</span> <span class='ocrx_word' id='word_1_163' title='bbox 1425 2739 1633 2796; x_wconf 81' lang='lat' dir='ltr'>Juppiter</span> 
     </span>
    </p>
   </div>
  </div>
 </body>
</html>
