1771 3010
757 175 1075 213 -92—

190 284 272 329 dos
304 287 416 330 satis
447 300 565 332 nunc
595 288 713 333 inter
755 304 909 336 omnes
951 296 1139 337 constat.
1174 304 1361 349 cumque
1395 306 1483 338 non
1513 294 1689 342 minus-

189 380 248 410 vv
290 384 318 408 α
349 370 389 412 4,
436 382 455 409 ε
489 363 569 414 13.Δ
599 371 823 416 15305011
867 372 948 416 1110
993 387 1175 418 numero
1222 374 1516 422 removendos
1562 386 1661 420 esse

189 452 350 507 postea
380 450 574 518 probare
605 452 735 498 nobis
766 454 1020 509 videamur,
1065 456 1258 515 primum
1300 468 1434 514 quam
1462 457 1552 501 vim
1583 454 1662 501 ha·
1707 480 1711 483 ·

193 531 331 577 beant
359 532 394 584 β
430 534 516 578 174
546 547 639 601 sqq.
676 549 957 593 quaeramus.
992 537 1062 583 hic
1102 542 1251 583 autem
1284 536 1538 596 quanquam
1569 537 1660 582 Ha·
1724 526 1726 528 ’

192 612 400 658 litherses
434 628 605 674 auspex
636 615 944 663 Ithacensibus
961 618 1138 664 Ulixem
1168 620 1415 665 rediturum
1447 631 1544 665 esse
1574 632 1664 664 non

197 694 298 740 aliis
331 697 477 741 verbis
509 699 729 754 praedicit
759 701 846 744 nisi

195 811 291 869 φῆν
325 811 448 855 κακὰ
482 812 639 857 πολλὰ
671 815 874 866 παθόντ,
908 817 1106 862 ὀλέσαντ
1138 815 1229 862 ἄπο
1249 815 1423 871 πάντας
1444 817 1664 878 ἑταίρους,

198 889 439 950 ἄγνωστον
471 892 719 939 πάντεσσιν
755 896 977 956 ἐεικοστῷ
1009 898 1207 956 ἐνιαυτῷ

498 975 643 1022 οἴκαδ’
676 976 963 1024 ἐλεύσεσθαι.

199 1108 352 1150 tamen
384 1120 473 1151 non
505 1111 574 1152 est
604 1121 683 1152 cur
715 1109 991 1167 postulemus
1025 1114 1074 1154 ut
1105 1123 1217 1167 quae
1245 1111 1304 1153 sit
1334 1110 1452 1165 regis
1486 1108 1669 1153 calami-

200 1189 271 1230 tas
302 1198 506 1245 quaeque
537 1189 596 1234 sit
627 1199 789 1235 caussa
820 1204 1020 1234 errorum
1050 1190 1183 1246 longo
1206 1204 1408 1235 sermone
1428 1202 1669 1248 persequa-

201 1271 287 1311 tur.
324 1273 484 1314 contra
515 1272 555 1314 ei
585 1267 759 1316 Ulixem
800 1273 942 1317 multa
981 1285 1243 1330 perpessum
1276 1272 1568 1328 omnibusque
1599 1284 1672 1315 so-

202 1348 284 1391 ciis
317 1349 561 1407 deperditis
594 1356 828 1397 venturum
864 1367 961 1397 esse
986 1357 1058 1398 sat
1103 1356 1170 1397 est
1198 1365 1553 1405 conmemorare3
1587 1365 1675 1410 qua

203 1443 252 1473 re
288 1444 490 1475 errorum
532 1446 737 1478 caussam
782 1449 869 1478 non
909 1435 1105 1493 Neptuni
1135 1436 1249 1479 iram
1292 1447 1388 1478 esse
1434 1447 1517 1478 nec
1547 1432 1675 1477 Jovis

205 1511 484 1558 voluntatem
533 1515 686 1560 fratris
729 1516 972 1562 ulciscendi
1013 1529 1294 1575 nequaquam
1339 1516 1544 1561 concludi
1577 1518 1677 1573 pot·

206 1597 286 1637 est.
335 1595 414 1638 sed
447 1609 546 1640 cum
577 1596 776 1642 Jacobus
817 1599 914 1657 ipse
945 1598 1059 1643 hunc
1089 1599 1238 1643 locum
1269 1597 1433 1641 nullius
1463 1597 1677 1641 momenti

206 1688 304 1718 esse
346 1681 500 1734 aperte
543 1678 765 1730 fateatur,
810 1679 922 1723 nihil
958 1679 1108 1724 obstat
1140 1693 1224 1736 quo
1254 1679 1400 1722 minus
1432 1679 1489 1721 ad
1523 1690 1677 1721 versus

209 1754 231 1797 δ
263 1757 350 1800 555
382 1770 477 1814 sqq.
510 1761 806 1803 transeamus.
856 1760 934 1803 sed
975 1774 1030 1803 ne
1073 1760 1179 1803 inde
1220 1759 1396 1816 quidem
1440 1757 1559 1815 quod
1602 1755 1679 1800 ille

208 1836 306 1881 vult
351 1840 678 1897 consectarium
717 1845 796 1884 est.
843 1854 947 1884 nam
986 1840 1174 1885 Proteus
1220 1840 1394 1884 Ulixem
1427 1854 1454 1882 a
1483 1838 1681 1896 nympha

204 1919 390 1964 retineri
420 1933 501 1964 nec
545 1933 704 1964 navem
749 1921 937 1974 habere,
983 1909 1071 1979 qua
1111 1922 1291 1966 domum
1336 1920 1588 1979 perveniret
1619 1931 1679 1963 se

208 2001 430 2045 vidisse
463 2006 631 2047 narrat.
663 2004 815 2060 itaque
848 2002 1006 2061 quibus
1039 2002 1261 2047 erroribus
1292 2002 1363 2045 hic
1388 2002 1512 2058 prius
1545 2013 1679 2057 quam

209 2082 266 2125 ad
314 2081 507 2139 Calypso
553 2083 725 2127 venerit
767 2087 957 2128 vexatus
998 2085 1078 2136 sit,
1132 2096 1334 2141 quaeque
1380 2083 1440 2126 sit
1482 2093 1681 2125 errorum

209 2176 385 2214 caussa,
419 2177 474 2207 ex
506 2162 589 2207 hoc
619 2164 717 2208 loco
745 2165 856 2208 adeo
889 2178 977 2207 non
1010 2163 1158 2219 colligi
1189 2167 1359 2221 potest,
1391 2167 1441 2206 ut
1472 2175 1557 2219 quo
1587 2162 1683 2205 iure

208 2243 407 2288 Jacobus
452 2244 648 2302 Neptuni
691 2246 828 2297 iram,
881 2245 1035 2288 eodem
1079 2244 1292 2295 Aeolum,
1340 2243 1682 2299 Laestrygones,

211 2324 392 2377 Circen,
437 2325 637 2378 Sirenes,
686 2325 883 2383 Scyllam
926 2329 1085 2382 poetae
1128 2325 1305 2380 ignotos
1335 2323 1475 2368 fuisse
1507 2322 1680 2367 efficere

209 2406 366 2462 possit.
402 2419 655 2462 quanquam
687 2420 774 2449 non
807 2419 994 2462 parvam
1018 2405 1180 2448 habere
1204 2405 1293 2448 vim
1321 2419 1393 2448 vv.
1429 2420 1447 2445 ε
1477 2403 1560 2446 105
1591 2416 1688 2459 sqq,

213 2488 251 2532 ei
285 2487 620 2532 concedendum
653 2492 732 2532 est.
782 2486 851 2531 hic
884 2488 1001 2531 enim
1032 2487 1261 2531 Minervae
1285 2487 1359 2538 ,ira
1389 2486 1557 2529 factum
1590 2481 1689 2528 esse

212 2573 262 2612 ut
293 2568 447 2613 Ulixes
479 2569 713 2627 puniretur
746 2572 898 2626 aperte
928 2568 1129 2624 legimus.
1169 2571 1216 2611 at
1248 2569 1285 2611 si
1317 2580 1418 2611 cum
1448 2565 1516 2609 his
1548 2564 1715 2627 versi--

214 2650 297 2694 bus
331 2649 408 2694 alii
439 2664 528 2694 non
562 2649 705 2694 solum
738 2664 827 2693 non
859 2654 1121 2704 congruunt,
1155 2649 1234 2692 sed
1254 2649 1389 2692 etiam
1421 2636 1690 2704 repugnant,

217 2734 321 2792 quid
356 2738 424 2778 est
458 2746 535 2777 cur
555 2731 751 2775 <Iacobus
788 2744 809 2773 a
846 2730 1113 2783 scholiastis‚
1148 2730 1221 2787 qui
1262 2744 1326 2772 vv.
1364 2728 1691 2770 108⁶·1111e-
