<?xml version="1.0" encoding="UTF-8"?>
<!DOCTYPE html PUBLIC "-//W3C//DTD XHTML 1.0 Transitional//EN"
    "http://www.w3.org/TR/xhtml1/DTD/xhtml1-transitional.dtd">
<html xmlns="http://www.w3.org/1999/xhtml" xml:lang="en" lang="en">
 <head>
  <title>
</title>
<meta http-equiv="Content-Type" content="text/html;charset=utf-8" />
  <meta name='ocr-system' content='tesseract 3.04.00' />
  <meta name='ocr-capabilities' content='ocr_page ocr_carea ocr_par ocr_line ocrx_word'/>
</head>
<body>
  <div class='ocr_page' id='page_1' title='image "4737178_0060.png"; bbox 0 0 1771 3010; ppageno 0'>
   <div class='ocr_carea' id='block_1_1' title="bbox 710 185 1051 226">
    <p class='ocr_par' dir='ltr' id='par_1_1' title="bbox 710 185 1051 226">
     <span class='ocr_line' id='line_1_1' title="bbox 710 185 1051 226; baseline 0.006 -10"><span class='ocrx_word' id='word_1_1' title='bbox 710 185 1051 226; x_wconf 75' lang='lat'><strong>..54-</strong></span> 
     </span>
    </p>
   </div>
   <div class='ocr_carea' id='block_1_2' title="bbox 154 296 1621 1659">
    <p class='ocr_par' dir='ltr' id='par_1_2' title="bbox 154 296 1616 1006">
     <span class='ocr_line' id='line_1_2' title="bbox 156 296 1604 358; baseline 0.001 -21"><span class='ocrx_word' id='word_1_2' title='bbox 156 313 175 337; x_wconf 84' lang='grc' dir='ltr'>ο</span> <span class='ocrx_word' id='word_1_3' title='bbox 211 296 307 340; x_wconf 83' lang='grc'><strong>488.</strong></span> <span class='ocrx_word' id='word_1_4' title='bbox 341 298 438 341; x_wconf 86' lang='lat'><strong>523.</strong></span> <span class='ocrx_word' id='word_1_5' title='bbox 486 315 517 340; x_wconf 79' lang='grc' dir='ltr'>π</span> <span class='ocrx_word' id='word_1_6' title='bbox 552 300 646 343; x_wconf 85' lang='grc'><strong>118.</strong></span> <span class='ocrx_word' id='word_1_7' title='bbox 682 299 780 343; x_wconf 84' lang='grc'><strong>291.</strong></span> <span class='ocrx_word' id='word_1_8' title='bbox 828 317 849 358; x_wconf 77' lang='grc' dir='ltr'><em>ρ</em></span> <span class='ocrx_word' id='word_1_9' title='bbox 881 299 982 344; x_wconf 87' lang='grc'><strong>322.</strong></span> <span class='ocrx_word' id='word_1_10' title='bbox 1026 299 1124 343; x_wconf 87' lang='grc'><strong>424.</strong></span> <span class='ocrx_word' id='word_1_11' title='bbox 1169 300 1267 343; x_wconf 93' lang='grc'><strong>437.</strong></span> <span class='ocrx_word' id='word_1_12' title='bbox 1317 316 1342 343; x_wconf 90' lang='grc' dir='ltr'>σ</span> <span class='ocrx_word' id='word_1_13' title='bbox 1375 300 1471 344; x_wconf 85' lang='grc'><strong>137.</strong></span> <span class='ocrx_word' id='word_1_14' title='bbox 1504 296 1604 340; x_wconf 87' lang='grc'><strong>273.</strong></span> 
     </span>
     <span class='ocr_line' id='line_1_3' title="bbox 154 375 1607 439; baseline 0.001 -21"><span class='ocrx_word' id='word_1_15' title='bbox 154 375 252 421; x_wconf 89' lang='lat'><strong>376.</strong></span> <span class='ocrx_word' id='word_1_16' title='bbox 295 395 324 421; x_wconf 84' lang='grc' dir='ltr'><strong><em>τ</em></strong></span> <span class='ocrx_word' id='word_1_17' title='bbox 355 378 424 420; x_wconf 97' lang='grc'><strong>80.</strong></span> <span class='ocrx_word' id='word_1_18' title='bbox 460 380 557 422; x_wconf 87' lang='lat'><strong>161.</strong></span> <span class='ocrx_word' id='word_1_19' title='bbox 591 379 689 423; x_wconf 88' lang='lat'><strong>275.</strong></span> <span class='ocrx_word' id='word_1_20' title='bbox 724 380 823 424; x_wconf 88' lang='lat'><strong>364.</strong></span> <span class='ocrx_word' id='word_1_21' title='bbox 870 398 893 424; x_wconf 85' lang='grc' dir='ltr'>υ</span> <span class='ocrx_word' id='word_1_22' title='bbox 925 380 1025 423; x_wconf 90' lang='grc'><strong>201.</strong></span> <span class='ocrx_word' id='word_1_23' title='bbox 1061 381 1098 437; x_wconf 82' lang='grc' dir='ltr'><strong>φ</strong></span> <span class='ocrx_word' id='word_1_24' title='bbox 1133 379 1229 425; x_wconf 90' lang='grc'><strong>102.</strong></span> <span class='ocrx_word' id='word_1_25' title='bbox 1261 397 1301 439; x_wconf 81' lang='grc' dir='ltr'><strong>χ</strong></span> <span class='ocrx_word' id='word_1_26' title='bbox 1332 382 1402 423; x_wconf 88' lang='grc'><strong>51.</strong></span> <span class='ocrx_word' id='word_1_27' title='bbox 1434 381 1477 438; x_wconf 78' lang='grc' dir='ltr'>ψ</span> <span class='ocrx_word' id='word_1_28' title='bbox 1511 377 1607 422; x_wconf 88' lang='grc'><strong>140.</strong></span> 
     </span>
     <span class='ocr_line' id='line_1_4' title="bbox 155 458 1609 520; baseline 0.003 -19"><span class='ocrx_word' id='word_1_29' title='bbox 155 458 301 513; x_wconf 82' lang='lat'><strong>330¹).</strong></span> <span class='ocrx_word' id='word_1_30' title='bbox 336 460 436 503; x_wconf 86' lang='lat'><strong>352.</strong></span> <span class='ocrx_word' id='word_1_31' title='bbox 471 479 502 503; x_wconf 85' lang='grc' dir='ltr'>ω</span> <span class='ocrx_word' id='word_1_32' title='bbox 525 460 593 504; x_wconf 89' lang='grc'><strong>42.</strong></span> <span class='ocrx_word' id='word_1_33' title='bbox 618 461 688 505; x_wconf 91' lang='grc'><strong>96.</strong></span> <span class='ocrx_word' id='word_1_34' title='bbox 726 462 818 506; x_wconf 92' lang='grc'><strong>164.</strong></span> <span class='ocrx_word' id='word_1_35' title='bbox 853 462 953 506; x_wconf 88' lang='lat'><strong>352.</strong></span> <span class='ocrx_word' id='word_1_36' title='bbox 987 463 1085 506; x_wconf 84' lang='lat'><strong>539.</strong></span> <span class='ocrx_word' id='word_1_37' title='bbox 1118 462 1217 506; x_wconf 90' lang='lat'><strong>544.</strong></span> <span class='ocrx_word' id='word_1_38' title='bbox 1249 462 1497 520; x_wconf 82' lang='lat' dir='ltr'><strong>inploratur</strong></span> <span class='ocrx_word' id='word_1_39' title='bbox 1525 460 1609 516; x_wconf 85' lang='lat' dir='ltr'><strong>igi-</strong></span> 
     </span>
     <span class='ocr_line' id='line_1_5' title="bbox 156 539 1607 608; baseline -0.001 -24"><span class='ocrx_word' id='word_1_40' title='bbox 156 546 229 584; x_wconf 79' lang='lat' dir='ltr'><strong>tur</strong></span> <span class='ocrx_word' id='word_1_41' title='bbox 260 539 289 595; x_wconf 75' lang='grc' dir='ltr'>ξ</span> <span class='ocrx_word' id='word_1_42' title='bbox 321 541 392 584; x_wconf 80' lang='grc'><strong>53.</strong></span> <span class='ocrx_word' id='word_1_43' title='bbox 426 542 526 585; x_wconf 88' lang='grc'><strong>406.</strong></span> <span class='ocrx_word' id='word_1_44' title='bbox 569 543 720 599; x_wconf 84' lang='lat'><strong>440²).</strong></span> <span class='ocrx_word' id='word_1_45' title='bbox 774 561 794 588; x_wconf 88' lang='grc' dir='ltr'><strong><em>ο</em></strong></span> <span class='ocrx_word' id='word_1_46' title='bbox 825 543 1055 589; x_wconf 80' lang='grc'><strong>341.’353.</strong></span> <span class='ocrx_word' id='word_1_47' title='bbox 1092 543 1190 608; x_wconf 77' lang='lat'><strong>112.</strong></span> <span class='ocrx_word' id='word_1_48' title='bbox 1225 543 1323 587; x_wconf 88' lang='grc'><strong>180.</strong></span> <span class='ocrx_word' id='word_1_49' title='bbox 1370 560 1404 587; x_wconf 83' lang='grc' dir='ltr'>π</span> <span class='ocrx_word' id='word_1_50' title='bbox 1433 541 1503 585; x_wconf 88' lang='grc'><strong>51.</strong></span> <span class='ocrx_word' id='word_1_51' title='bbox 1539 540 1607 583; x_wconf 88' lang='grc'><strong>60.</strong></span> 
     </span>
     <span class='ocr_line' id='line_1_6' title="bbox 159 622 1608 682; baseline 0.002 -18"><span class='ocrx_word' id='word_1_52' title='bbox 159 623 256 666; x_wconf 89' lang='grc'><strong>155.</strong></span> <span class='ocrx_word' id='word_1_53' title='bbox 288 623 387 668; x_wconf 88' lang='grc'><strong>354.</strong></span> <span class='ocrx_word' id='word_1_54' title='bbox 419 624 518 667; x_wconf 93' lang='grc'><strong>597.</strong></span> <span class='ocrx_word' id='word_1_55' title='bbox 552 640 577 667; x_wconf 92' lang='grc' dir='ltr'>σ</span> <span class='ocrx_word' id='word_1_56' title='bbox 605 625 700 668; x_wconf 89' lang='lat'><strong>112.</strong></span> <span class='ocrx_word' id='word_1_57' title='bbox 735 644 764 670; x_wconf 82' lang='grc' dir='ltr'><strong><em>τ</em></strong></span> <span class='ocrx_word' id='word_1_58' title='bbox 794 626 892 670; x_wconf 90' lang='grc'><strong>303.</strong></span> <span class='ocrx_word' id='word_1_59' title='bbox 928 645 952 671; x_wconf 85' lang='grc' dir='ltr'>υ</span> <span class='ocrx_word' id='word_1_60' title='bbox 978 625 1075 670; x_wconf 88' lang='grc'><strong>339.</strong></span> <span class='ocrx_word' id='word_1_61' title='bbox 1110 624 1210 668; x_wconf 88' lang='grc'><strong>236.</strong></span> <span class='ocrx_word' id='word_1_62' title='bbox 1245 626 1282 681; x_wconf 80' lang='grc' dir='ltr'><strong>φ</strong></span> <span class='ocrx_word' id='word_1_63' title='bbox 1314 624 1412 667; x_wconf 91' lang='lat'><strong>200.</strong></span> <span class='ocrx_word' id='word_1_64' title='bbox 1447 641 1485 682; x_wconf 84' lang='grc' dir='ltr'>χ</span> <span class='ocrx_word' id='word_1_65' title='bbox 1509 622 1608 667; x_wconf 88' lang='grc'><strong>252.</strong></span> 
     </span>
     <span class='ocr_line' id='line_1_7' title="bbox 158 704 1612 766; baseline 0.001 -18"><span class='ocrx_word' id='word_1_66' title='bbox 158 704 409 752; x_wconf 84' lang='lat' dir='ltr'><strong>hominibus</strong></span> <span class='ocrx_word' id='word_1_67' title='bbox 442 708 581 752; x_wconf 80' lang='lat' dir='ltr'><strong>mittit</strong></span> <span class='ocrx_word' id='word_1_68' title='bbox 613 709 760 753; x_wconf 88' lang='lat' dir='ltr'><strong>omina</strong></span> <span class='ocrx_word' id='word_1_69' title='bbox 791 727 824 753; x_wconf 79' lang='grc' dir='ltr'>π</span> <span class='ocrx_word' id='word_1_70' title='bbox 854 708 955 752; x_wconf 89' lang='grc'><strong>320.</strong></span> <span class='ocrx_word' id='word_1_71' title='bbox 985 727 1010 753; x_wconf 87' lang='grc' dir='ltr'>υ</span> <span class='ocrx_word' id='word_1_72' title='bbox 1045 705 1189 766; x_wconf 76' lang='grc'><strong>1013).</strong></span> <span class='ocrx_word' id='word_1_73' title='bbox 1222 706 1320 751; x_wconf 90' lang='grc'><strong>273.</strong></span> <span class='ocrx_word' id='word_1_74' title='bbox 1352 708 1389 762; x_wconf 82' lang='grc' dir='ltr'><strong>φ</strong></span> <span class='ocrx_word' id='word_1_75' title='bbox 1422 705 1523 749; x_wconf 85' lang='grc'><strong>413.</strong></span> <span class='ocrx_word' id='word_1_76' title='bbox 1557 707 1612 749; x_wconf 87' lang='lat' dir='ltr'><strong>de</strong></span> 
     </span>
     <span class='ocr_line' id='line_1_8' title="bbox 158 785 1610 848; baseline 0 -19"><span class='ocrx_word' id='word_1_77' title='bbox 158 786 330 841; x_wconf 83' lang='lat' dir='ltr'><strong>legibus</strong></span> <span class='ocrx_word' id='word_1_78' title='bbox 373 789 466 831; x_wconf 86' lang='lat' dir='ltr'><strong>eius</strong></span> <span class='ocrx_word' id='word_1_79' title='bbox 509 792 552 831; x_wconf 74' lang='lat' dir='ltr'><strong>et</strong></span> <span class='ocrx_word' id='word_1_80' title='bbox 590 791 840 848; x_wconf 80' lang='lat' dir='ltr'>praeceptis</span> <span class='ocrx_word' id='word_1_81' title='bbox 880 790 1066 846; x_wconf 83' lang='lat' dir='ltr'><strong>legimus</strong></span> <span class='ocrx_word' id='word_1_82' title='bbox 1108 807 1141 833; x_wconf 82' lang='grc' dir='ltr'>π</span> <span class='ocrx_word' id='word_1_83' title='bbox 1172 788 1281 842; x_wconf 84' lang='grc'><strong>403;</strong></span> <span class='ocrx_word' id='word_1_84' title='bbox 1337 789 1391 833; x_wconf 88' lang='lat' dir='ltr'><strong>de</strong></span> <span class='ocrx_word' id='word_1_85' title='bbox 1433 785 1610 831; x_wconf 76' lang='lat' dir='ltr'><strong>oraculo</strong></span> 
     </span>
     <span class='ocr_line' id='line_1_9' title="bbox 163 868 1616 926; baseline 0 -16"><span class='ocrx_word' id='word_1_86' title='bbox 163 869 280 924; x_wconf 90' lang='lat' dir='ltr'><strong>quod</strong></span> <span class='ocrx_word' id='word_1_87' title='bbox 322 873 389 912; x_wconf 86' lang='lat' dir='ltr'><strong>est</strong></span> <span class='ocrx_word' id='word_1_88' title='bbox 432 869 658 915; x_wconf 84' lang='lat' dir='ltr'><strong>Dodonae.</strong></span> <span class='ocrx_word' id='word_1_89' title='bbox 703 868 732 926; x_wconf 77' lang='grc' dir='ltr'>ξ</span> <span class='ocrx_word' id='word_1_90' title='bbox 763 870 862 914; x_wconf 87' lang='grc'><strong>327.</strong></span> <span class='ocrx_word' id='word_1_91' title='bbox 922 888 952 915; x_wconf 84' lang='grc' dir='ltr'><em>τ</em></span> <span class='ocrx_word' id='word_1_92' title='bbox 981 871 1089 924; x_wconf 87' lang='grc'><strong>296;</strong></span> <span class='ocrx_word' id='word_1_93' title='bbox 1143 872 1197 916; x_wconf 92' lang='lat' dir='ltr'><strong>de</strong></span> <span class='ocrx_word' id='word_1_94' title='bbox 1240 884 1318 915; x_wconf 88' lang='lat' dir='ltr'><strong>ara</strong></span> <span class='ocrx_word' id='word_1_95' title='bbox 1359 870 1400 914; x_wconf 86' lang='lat' dir='ltr'><strong>ei</strong></span> <span class='ocrx_word' id='word_1_96' title='bbox 1447 871 1616 912; x_wconf 76' lang='lat' dir='ltr'><strong>statuta</strong></span> 
     </span>
     <span class='ocr_line' id='line_1_10' title="bbox 162 947 462 1006; baseline 0.003 -14"><span class='ocrx_word' id='word_1_97' title='bbox 162 965 201 1006; x_wconf 80' lang='grc' dir='ltr'>χ</span> <span class='ocrx_word' id='word_1_98' title='bbox 232 947 332 992; x_wconf 89' lang='grc'><strong>335.</strong></span> <span class='ocrx_word' id='word_1_99' title='bbox 362 949 462 993; x_wconf 91' lang='grc'><strong>379.</strong></span> 
     </span>
    </p>

    <p class='ocr_par' dir='ltr' id='par_1_3' title="bbox 164 1030 1621 1659">
     <span class='ocr_line' id='line_1_11' title="bbox 282 1030 1615 1092; baseline 0 -19"><span class='ocrx_word' id='word_1_100' title='bbox 282 1030 340 1074; x_wconf 80' lang='lat' dir='ltr'><strong>Et</strong></span> <span class='ocrx_word' id='word_1_101' title='bbox 368 1031 485 1077; x_wconf 83' lang='lat' dir='ltr'><strong>huno</strong></span> <span class='ocrx_word' id='word_1_102' title='bbox 517 1034 645 1077; x_wconf 91' lang='lat' dir='ltr'><strong>deum</strong></span> <span class='ocrx_word' id='word_1_103' title='bbox 662 1033 772 1078; x_wconf 80' lang='lat' dir='ltr'><strong>Fato</strong></span> <span class='ocrx_word' id='word_1_104' title='bbox 804 1048 901 1079; x_wconf 87' lang='lat' dir='ltr'><strong>esse</strong></span> <span class='ocrx_word' id='word_1_105' title='bbox 931 1036 1176 1079; x_wconf 83' lang='lat' dir='ltr'><strong>subiectum</strong></span> <span class='ocrx_word' id='word_1_106' title='bbox 1207 1034 1405 1092; x_wconf 80' lang='lat' dir='ltr'><strong>putatis?</strong></span> <span class='ocrx_word' id='word_1_107' title='bbox 1437 1031 1615 1082; x_wconf 88' lang='lat' dir='ltr'><strong>minime</strong></span> 
     </span>
     <span class='ocr_line' id='line_1_12' title="bbox 164 1113 1616 1176; baseline 0.001 -23"><span class='ocrx_word' id='word_1_108' title='bbox 164 1125 289 1164; x_wconf 87' lang='lat' dir='ltr'><strong>vero;</strong></span> <span class='ocrx_word' id='word_1_109' title='bbox 321 1114 442 1157; x_wconf 82' lang='lat' dir='ltr'><strong>vocis</strong></span> <span class='ocrx_word' id='word_1_110' title='bbox 472 1115 590 1158; x_wconf 88' lang='lat' dir='ltr'><strong>enim</strong></span> <span class='ocrx_word' id='word_1_111' title='bbox 621 1128 735 1172; x_wconf 88' lang='lat' dir='ltr'><strong>quae</strong></span> <span class='ocrx_word' id='word_1_112' title='bbox 766 1123 834 1160; x_wconf 82' lang='lat' dir='ltr'><strong>est</strong></span> <span class='ocrx_word' id='word_1_113' title='bbox 859 1117 998 1176; x_wconf 73' lang='grc' dir='ltr'>μοῖρα</span> <span class='ocrx_word' id='word_1_114' title='bbox 1030 1116 1220 1174; x_wconf 90' lang='lat' dir='ltr'><strong>primam</strong></span> <span class='ocrx_word' id='word_1_115' title='bbox 1251 1113 1616 1169; x_wconf 76' lang='lat' dir='ltr'><strong>significationem</strong></span> 
     </span>
     <span class='ocr_line' id='line_1_13' title="bbox 164 1192 1614 1258; baseline -0.002 -21"><span class='ocrx_word' id='word_1_116' title='bbox 164 1194 306 1251; x_wconf 78' lang='lat' dir='ltr'><strong>partis</strong></span> <span class='ocrx_word' id='word_1_117' title='bbox 337 1194 588 1240; x_wconf 81' lang='lat' dir='ltr'><strong>invenimus</strong></span> <span class='ocrx_word' id='word_1_118' title='bbox 621 1193 650 1251; x_wconf 73' lang='grc' dir='ltr'>ξ</span> <span class='ocrx_word' id='word_1_119' title='bbox 679 1195 778 1240; x_wconf 87' lang='grc'><strong>448.</strong></span> <span class='ocrx_word' id='word_1_120' title='bbox 813 1215 833 1241; x_wconf 90' lang='grc' dir='ltr'>ο</span> <span class='ocrx_word' id='word_1_121' title='bbox 861 1197 956 1241; x_wconf 87' lang='grc'><strong>140.</strong></span> <span class='ocrx_word' id='word_1_122' title='bbox 992 1216 1013 1258; x_wconf 72' lang='grc' dir='ltr'>ρ</span> <span class='ocrx_word' id='word_1_123' title='bbox 1038 1195 1137 1241; x_wconf 85' lang='grc'><strong>258.</strong></span> <span class='ocrx_word' id='word_1_124' title='bbox 1172 1195 1273 1240; x_wconf 87' lang='grc'><strong>335.</strong></span> <span class='ocrx_word' id='word_1_125' title='bbox 1305 1196 1352 1252; x_wconf 84' lang='grc' dir='ltr'><strong>[τ</strong></span> <span class='ocrx_word' id='word_1_126' title='bbox 1367 1194 1483 1254; x_wconf 78' lang='grc'><strong>423]</strong></span> <span class='ocrx_word' id='word_1_127' title='bbox 1516 1192 1614 1236; x_wconf 90' lang='grc'><strong>592.</strong></span> 
     </span>
     <span class='ocr_line' id='line_1_14' title="bbox 168 1274 1617 1337; baseline -0.001 -21"><span class='ocrx_word' id='word_1_128' title='bbox 168 1290 193 1316; x_wconf 86' lang='grc' dir='ltr'>υ</span> <span class='ocrx_word' id='word_1_129' title='bbox 227 1274 326 1320; x_wconf 92' lang='grc'><strong>171.</strong></span> <span class='ocrx_word' id='word_1_130' title='bbox 359 1275 457 1320; x_wconf 89' lang='grc'><strong>260.</strong></span> <span class='ocrx_word' id='word_1_131' title='bbox 489 1277 588 1319; x_wconf 89' lang='grc'><strong>280.</strong></span> <span class='ocrx_word' id='word_1_132' title='bbox 621 1278 719 1322; x_wconf 92' lang='grc'><strong>281.</strong></span> <span class='ocrx_word' id='word_1_133' title='bbox 752 1278 850 1323; x_wconf 88' lang='grc'><strong>293.</strong></span> <span class='ocrx_word' id='word_1_134' title='bbox 886 1277 1008 1323; x_wconf 80' lang='grc' dir='ltr'><em>κατὰ</em></span> <span class='ocrx_word' id='word_1_135' title='bbox 1039 1280 1215 1337; x_wconf 75' lang='grc' dir='ltr'><strong>μοῖραν.</strong></span> <span class='ocrx_word' id='word_1_136' title='bbox 1262 1293 1282 1319; x_wconf 78' lang='grc' dir='ltr'><strong><em>ν</em></strong></span> <span class='ocrx_word' id='word_1_137' title='bbox 1314 1276 1415 1320; x_wconf 85' lang='grc'><strong>385.</strong></span> <span class='ocrx_word' id='word_1_138' title='bbox 1463 1292 1484 1318; x_wconf 90' lang='grc' dir='ltr'><strong><em>ο</em></strong></span> <span class='ocrx_word' id='word_1_139' title='bbox 1522 1274 1617 1317; x_wconf 85' lang='grc'><strong>170.</strong></span> 
     </span>
     <span class='ocr_line' id='line_1_15' title="bbox 167 1353 1618 1417; baseline 0.001 -19"><span class='ocrx_word' id='word_1_140' title='bbox 167 1354 265 1398; x_wconf 88' lang='grc'><strong>203.</strong></span> <span class='ocrx_word' id='word_1_141' title='bbox 300 1373 333 1400; x_wconf 78' lang='grc' dir='ltr'>π</span> <span class='ocrx_word' id='word_1_142' title='bbox 358 1356 458 1401; x_wconf 87' lang='lat'><strong>385.</strong></span> <span class='ocrx_word' id='word_1_143' title='bbox 493 1375 514 1417; x_wconf 77' lang='grc' dir='ltr'>ρ</span> <span class='ocrx_word' id='word_1_144' title='bbox 546 1358 645 1402; x_wconf 89' lang='grc'><strong>580.</strong></span> <span class='ocrx_word' id='word_1_145' title='bbox 678 1374 703 1402; x_wconf 92' lang='grc' dir='ltr'>σ</span> <span class='ocrx_word' id='word_1_146' title='bbox 737 1360 834 1402; x_wconf 89' lang='grc'><strong>170.</strong></span> <span class='ocrx_word' id='word_1_147' title='bbox 866 1378 890 1403; x_wconf 87' lang='grc' dir='ltr'>υ</span> <span class='ocrx_word' id='word_1_148' title='bbox 922 1360 994 1405; x_wconf 85' lang='grc'><strong>37.</strong></span> <span class='ocrx_word' id='word_1_149' title='bbox 1028 1361 1065 1415; x_wconf 80' lang='grc' dir='ltr'><strong>φ</strong></span> <span class='ocrx_word' id='word_1_150' title='bbox 1097 1359 1197 1404; x_wconf 87' lang='grc'><strong>278.</strong></span> <span class='ocrx_word' id='word_1_151' title='bbox 1239 1375 1278 1416; x_wconf 84' lang='grc' dir='ltr'>χ</span> <span class='ocrx_word' id='word_1_152' title='bbox 1309 1356 1417 1411; x_wconf 86' lang='grc'><strong>486;</strong></span> <span class='ocrx_word' id='word_1_153' title='bbox 1458 1353 1487 1411; x_wconf 78' lang='grc' dir='ltr'>ξ</span> <span class='ocrx_word' id='word_1_154' title='bbox 1521 1354 1618 1399; x_wconf 92' lang='grc'><strong>509.</strong></span> 
     </span>
     <span class='ocr_line' id='line_1_16' title="bbox 170 1431 1621 1498; baseline -0.002 -17"><span class='ocrx_word' id='word_1_155' title='bbox 170 1435 293 1496; x_wconf 73' lang='grc' dir='ltr'><strong>παρὰ</strong></span> <span class='ocrx_word' id='word_1_156' title='bbox 323 1440 487 1498; x_wconf 74' lang='grc' dir='ltr'><em>μοῖραν</em></span> <span class='ocrx_word' id='word_1_157' title='bbox 501 1440 537 1498; x_wconf 81' lang='lat'><strong>⁴)</strong></span> <span class='ocrx_word' id='word_1_158' title='bbox 586 1455 667 1498; x_wconf 89' lang='lat' dir='ltr'><strong>pro</strong></span> <span class='ocrx_word' id='word_1_159' title='bbox 706 1442 884 1485; x_wconf 81' lang='lat' dir='ltr'><strong>usitatis</strong></span> <span class='ocrx_word' id='word_1_160' title='bbox 925 1442 1071 1485; x_wconf 86' lang='lat' dir='ltr'><strong>verbis</strong></span> <span class='ocrx_word' id='word_1_161' title='bbox 1115 1453 1227 1497; x_wconf 88' lang='lat' dir='ltr'><strong>quae</strong></span> <span class='ocrx_word' id='word_1_162' title='bbox 1272 1442 1376 1482; x_wconf 78' lang='lat' dir='ltr'><strong>sunt</strong></span> <span class='ocrx_word' id='word_1_163' title='bbox 1418 1431 1468 1480; x_wconf 78' lang='grc' dir='ltr'><strong>οὗ</strong></span> <span class='ocrx_word' id='word_1_164' title='bbox 1499 1434 1621 1480; x_wconf 80' lang='grc' dir='ltr'><em>κατὰ</em></span> 
     </span>
     <span class='ocr_line' id='line_1_17' title="bbox 169 1517 1620 1581; baseline 0.001 -22"><span class='ocrx_word' id='word_1_165' title='bbox 169 1519 351 1576; x_wconf 79' lang='grc' dir='ltr'><strong>μοῖραν.</strong></span> <span class='ocrx_word' id='word_1_166' title='bbox 401 1524 589 1565; x_wconf 83' lang='lat' dir='ltr'><strong>mortem</strong></span> <span class='ocrx_word' id='word_1_167' title='bbox 637 1535 740 1567; x_wconf 88' lang='lat' dir='ltr'><strong>vero</strong></span> <span class='ocrx_word' id='word_1_168' title='bbox 787 1523 1004 1578; x_wconf 80' lang='lat' dir='ltr'><strong>signifieat</strong></span> <span class='ocrx_word' id='word_1_169' title='bbox 1050 1520 1197 1581; x_wconf 66' lang='lat'><strong>9326.</strong></span> <span class='ocrx_word' id='word_1_170' title='bbox 1247 1521 1283 1576; x_wconf 84' lang='grc' dir='ltr'><strong>φ</strong></span> <span class='ocrx_word' id='word_1_171' title='bbox 1317 1518 1371 1562; x_wconf 83' lang='grc'><strong>24</strong></span> <span class='ocrx_word' id='word_1_172' title='bbox 1388 1519 1436 1574; x_wconf 86' lang='lat'><strong>⁵).</strong></span> <span class='ocrx_word' id='word_1_173' title='bbox 1481 1535 1521 1576; x_wconf 83' lang='grc' dir='ltr'>χ</span> <span class='ocrx_word' id='word_1_174' title='bbox 1551 1517 1620 1561; x_wconf 86' lang='grc'><strong>54.</strong></span> 
     </span>
     <span class='ocr_line' id='line_1_18' title="bbox 174 1599 1009 1659; baseline 0.008 -19"><span class='ocrx_word' id='word_1_175' title='bbox 174 1616 206 1640; x_wconf 84' lang='grc' dir='ltr'>ω</span> <span class='ocrx_word' id='word_1_176' title='bbox 240 1599 309 1641; x_wconf 91' lang='grc'><strong>29.</strong></span> <span class='ocrx_word' id='word_1_177' title='bbox 343 1600 427 1644; x_wconf 88' lang='grc'><strong>135</strong></span> <span class='ocrx_word' id='word_1_178' title='bbox 460 1604 512 1646; x_wconf 84' lang='lat' dir='ltr'><strong>of.</strong></span> <span class='ocrx_word' id='word_1_179' title='bbox 548 1620 580 1644; x_wconf 86' lang='grc' dir='ltr'>ω</span> <span class='ocrx_word' id='word_1_180' title='bbox 613 1602 683 1645; x_wconf 88' lang='grc'><strong>34.</strong></span> <span class='ocrx_word' id='word_1_181' title='bbox 717 1603 793 1647; x_wconf 90' lang='lat' dir='ltr'><strong>ubi</strong></span> <span class='ocrx_word' id='word_1_182' title='bbox 822 1604 1009 1659; x_wconf 83' lang='lat' dir='ltr'><strong>legimus</strong></span> 
     </span>
    </p>
   </div>
   <div class='ocr_carea' id='block_1_3' title="bbox 233 1680 1485 1743">
    <p class='ocr_par' dir='ltr' id='par_1_4' title="bbox 233 1680 1485 1743">
     <span class='ocr_line' id='line_1_19' title="bbox 233 1680 1485 1743; baseline -0.001 -20"><span class='ocrx_word' id='word_1_183' title='bbox 233 1681 307 1724; x_wconf 73' lang='grc' dir='ltr'><strong>νῦν</strong></span> <span class='ocrx_word' id='word_1_184' title='bbox 341 1681 375 1725; x_wconf 82' lang='grc' dir='ltr'><strong>δ’</strong></span> <span class='ocrx_word' id='word_1_185' title='bbox 407 1680 495 1742; x_wconf 65' lang='grc' dir='ltr'><strong>ἄρα</strong></span> <span class='ocrx_word' id='word_1_186' title='bbox 530 1683 566 1726; x_wconf 82' lang='grc' dir='ltr'><strong>σ’</strong></span> <span class='ocrx_word' id='word_1_187' title='bbox 600 1684 816 1739; x_wconf 75' lang='grc' dir='ltr'>οἰκτίστῳ</span> <span class='ocrx_word' id='word_1_188' title='bbox 849 1682 1038 1740; x_wconf 70' lang='grc' dir='ltr'><strong><em>θανάτῳ</em></strong></span> <span class='ocrx_word' id='word_1_189' title='bbox 1073 1685 1261 1743; x_wconf 75' lang='grc' dir='ltr'><em>εἵμαρτο</em></span> <span class='ocrx_word' id='word_1_190' title='bbox 1296 1682 1485 1724; x_wconf 75' lang='grc' dir='ltr'><strong>οἱλῶυαι.</strong></span> 
     </span>
    </p>
   </div>
   <div class='ocr_carea' id='block_1_4' title="bbox 254 1782 448 1789">
    <p class='ocr_par' dir='ltr' id='par_1_5' title="bbox 254 1782 448 1789">
     <span class='ocr_line' id='line_1_20' title="bbox 254 1782 448 1789; baseline 0 1221"><span class='ocrx_word' id='word_1_191' title='bbox 254 1782 448 1789; x_wconf 95' lang='lat' dir='ltr'><strong> </strong></span> 
     </span>
    </p>
   </div>
   <div class='ocr_carea' id='block_1_5' title="bbox 178 1844 1628 2029">
    <p class='ocr_par' dir='ltr' id='par_1_6' title="bbox 178 1844 1628 2029">
     <span class='ocr_line' id='line_1_21' title="bbox 271 1844 1625 1891; baseline 0 -14"><span class='ocrx_word' id='word_1_192' title='bbox 271 1844 308 1885; x_wconf 91' lang='grc'><strong>1)</strong></span> <span class='ocrx_word' id='word_1_193' title='bbox 337 1847 373 1878; x_wconf 83' lang='lat' dir='ltr'><strong>et</strong></span> <span class='ocrx_word' id='word_1_194' title='bbox 396 1845 453 1880; x_wconf 84' lang='lat' dir='ltr'><strong>hic</strong></span> <span class='ocrx_word' id='word_1_195' title='bbox 479 1850 514 1880; x_wconf 86' lang='lat' dir='ltr'><strong>et</strong></span> <span class='ocrx_word' id='word_1_196' title='bbox 541 1864 567 1881; x_wconf 79' lang='grc' dir='ltr'>ω</span> <span class='ocrx_word' id='word_1_197' title='bbox 593 1847 661 1881; x_wconf 82' lang='grc'><strong>539</strong></span> <span class='ocrx_word' id='word_1_198' title='bbox 687 1847 787 1881; x_wconf 82' lang='lat' dir='ltr'><strong>Jovis</strong></span> <span class='ocrx_word' id='word_1_199' title='bbox 822 1846 952 1881; x_wconf 83' lang='lat' dir='ltr'><strong>fulmen</strong></span> <span class='ocrx_word' id='word_1_200' title='bbox 978 1846 1134 1891; x_wconf 83' lang='lat' dir='ltr'><strong>epitheto</strong></span> <span class='ocrx_word' id='word_1_201' title='bbox 1160 1844 1250 1890; x_wconf 85' lang='lat' dir='ltr'><strong>quod</strong></span> <span class='ocrx_word' id='word_1_202' title='bbox 1276 1848 1329 1878; x_wconf 82' lang='lat' dir='ltr'><strong>est</strong></span> <span class='ocrx_word' id='word_1_203' title='bbox 1354 1845 1494 1889; x_wconf 75' lang='grc' dir='ltr'>ψολόεν</span> <span class='ocrx_word' id='word_1_204' title='bbox 1521 1853 1625 1878; x_wconf 79' lang='lat' dir='ltr'><strong>orna-</strong></span> 
     </span>
     <span class='ocr_line' id='line_1_22' title="bbox 178 1909 1624 1961; baseline 0.002 -17"><span class='ocrx_word' id='word_1_205' title='bbox 178 1914 237 1945; x_wconf 85' lang='lat' dir='ltr'><strong>tur</strong></span> <span class='ocrx_word' id='word_1_206' title='bbox 262 1912 361 1955; x_wconf 78' lang='lat' dir='ltr'><strong>(vide</strong></span> <span class='ocrx_word' id='word_1_207' title='bbox 387 1914 521 1959; x_wconf 89' lang='lat' dir='ltr'><strong>Spohn.</strong></span> <span class='ocrx_word' id='word_1_208' title='bbox 549 1916 572 1949; x_wconf 87' lang='lat'><strong>1.</strong></span> <span class='ocrx_word' id='word_1_209' title='bbox 600 1915 625 1949; x_wconf 90' lang='lat'><strong>1.</strong></span> <span class='ocrx_word' id='word_1_210' title='bbox 653 1927 688 1961; x_wconf 89' lang='lat' dir='ltr'><strong>p.</strong></span> <span class='ocrx_word' id='word_1_211' title='bbox 715 1909 811 1960; x_wconf 71' lang='grc'><strong>168).</strong></span> <span class='ocrx_word' id='word_1_212' title='bbox 846 1915 937 1961; x_wconf 89' lang='lat' dir='ltr'><strong>quod</strong></span> <span class='ocrx_word' id='word_1_213' title='bbox 970 1927 1047 1950; x_wconf 87' lang='lat' dir='ltr'><strong>cum</strong></span> <span class='ocrx_word' id='word_1_214' title='bbox 1082 1925 1152 1949; x_wconf 80' lang='lat' dir='ltr'><strong>non</strong></span> <span class='ocrx_word' id='word_1_215' title='bbox 1177 1913 1379 1949; x_wconf 82' lang='lat' dir='ltr'><strong>inveniatur</strong></span> <span class='ocrx_word' id='word_1_216' title='bbox 1402 1913 1471 1948; x_wconf 83' lang='lat' dir='ltr'><strong>nisi</strong></span> <span class='ocrx_word' id='word_1_217' title='bbox 1497 1912 1624 1958; x_wconf 82' lang='lat' dir='ltr'><strong>Hymn.</strong></span> 
     </span>
     <span class='ocr_line' id='line_1_23' title="bbox 179 1979 1628 2029; baseline 0.001 -16"><span class='ocrx_word' id='word_1_218' title='bbox 179 1982 212 2014; x_wconf 89' lang='lat' dir='ltr'><strong>in</strong></span> <span class='ocrx_word' id='word_1_219' title='bbox 240 1982 322 2016; x_wconf 88' lang='lat' dir='ltr'><strong>Ven.</strong></span> <span class='ocrx_word' id='word_1_220' title='bbox 349 1982 429 2018; x_wconf 87' lang='grc'><strong>288.</strong></span> <span class='ocrx_word' id='word_1_221' title='bbox 464 1985 610 2020; x_wconf 79' lang='lat' dir='ltr'><strong>Hesiod.</strong></span> <span class='ocrx_word' id='word_1_222' title='bbox 638 1986 771 2029; x_wconf 72' lang='lat' dir='ltr'><strong>Theog.</strong></span> <span class='ocrx_word' id='word_1_223' title='bbox 797 1987 876 2021; x_wconf 81' lang='lat'><strong>515.</strong></span> <span class='ocrx_word' id='word_1_224' title='bbox 906 1985 1002 2019; x_wconf 85' lang='lat' dir='ltr'><strong>Scut.</strong></span> <span class='ocrx_word' id='word_1_225' title='bbox 1030 1984 1110 2025; x_wconf 86' lang='lat'><strong>422,</strong></span> <span class='ocrx_word' id='word_1_226' title='bbox 1148 1983 1319 2017; x_wconf 82' lang='lat' dir='ltr'><strong>sententia</strong></span> <span class='ocrx_word' id='word_1_227' title='bbox 1354 1992 1472 2016; x_wconf 87' lang='lat' dir='ltr'><strong>eorum</strong></span> <span class='ocrx_word' id='word_1_228' title='bbox 1499 1979 1628 2016; x_wconf 84' lang='lat' dir='ltr'><strong>confir-</strong></span> 
     </span>
    </p>
   </div>
   <div class='ocr_carea' id='block_1_6' title="bbox 180 2051 1630 2158">
    <p class='ocr_par' dir='ltr' id='par_1_7' title="bbox 180 2051 1630 2158">
     <span class='ocr_line' id='line_1_24' title="bbox 180 2051 1630 2100; baseline 0.001 -16"><span class='ocrx_word' id='word_1_229' title='bbox 180 2053 317 2095; x_wconf 80' lang='lat' dir='ltr'><strong>matur,</strong></span> <span class='ocrx_word' id='word_1_230' title='bbox 355 2054 412 2097; x_wconf 90' lang='lat' dir='ltr'><strong>qui</strong></span> <span class='ocrx_word' id='word_1_231' title='bbox 448 2056 641 2089; x_wconf 82' lang='lat' dir='ltr'><strong>extremam</strong></span> <span class='ocrx_word' id='word_1_232' title='bbox 669 2054 845 2100; x_wconf 82' lang='lat' dir='ltr'><strong>Odysseae</strong></span> <span class='ocrx_word' id='word_1_233' title='bbox 882 2057 1017 2099; x_wconf 82' lang='lat' dir='ltr'><strong>partem</strong></span> <span class='ocrx_word' id='word_1_234' title='bbox 1042 2054 1240 2098; x_wconf 77' lang='lat' dir='ltr'><strong>posteriore</strong></span> <span class='ocrx_word' id='word_1_235' title='bbox 1273 2055 1387 2087; x_wconf 76' lang='lat' dir='ltr'><strong>aetate</strong></span> <span class='ocrx_word' id='word_1_236' title='bbox 1413 2051 1630 2097; x_wconf 76' lang='lat' dir='ltr'><strong>conpositam</strong></span> 
     </span>
     <span class='ocr_line' id='line_1_25' title="bbox 180 2122 498 2158; baseline 0.016 -5"><span class='ocrx_word' id='word_1_237' title='bbox 180 2130 257 2154; x_wconf 81' lang='lat' dir='ltr'><strong>esse</strong></span> <span class='ocrx_word' id='word_1_238' title='bbox 284 2122 498 2158; x_wconf 71' lang='lat' dir='ltr'><strong>existimant.</strong></span> 
     </span>
    </p>
   </div>
   <div class='ocr_carea' id='block_1_7' title="bbox 182 2189 1640 2781">
    <p class='ocr_par' dir='ltr' id='par_1_8' title="bbox 182 2189 1633 2306">
     <span class='ocr_line' id='line_1_26' title="bbox 273 2189 1633 2236; baseline -0.001 -11"><span class='ocrx_word' id='word_1_239' title='bbox 273 2191 312 2233; x_wconf 83' lang='grc'><strong>2)</strong></span> <span class='ocrx_word' id='word_1_240' title='bbox 340 2189 361 2230; x_wconf 77' lang='grc' dir='ltr'>ξ</span> <span class='ocrx_word' id='word_1_241' title='bbox 387 2191 574 2228; x_wconf 86' lang='grc'><strong>158-164</strong></span> <span class='ocrx_word' id='word_1_242' title='bbox 599 2203 616 2226; x_wconf 87' lang='grc'><strong>3</strong></span> <span class='ocrx_word' id='word_1_243' title='bbox 634 2192 858 2228; x_wconf 83' lang='lat' dir='ltr'><strong>Kirchhoffio</strong></span> <span class='ocrx_word' id='word_1_244' title='bbox 883 2192 955 2234; x_wconf 85' lang='lat' dir='ltr'><strong>(die</strong></span> <span class='ocrx_word' id='word_1_245' title='bbox 983 2194 1074 2227; x_wconf 86' lang='lat' dir='ltr'><strong>hom.</strong></span> <span class='ocrx_word' id='word_1_246' title='bbox 1097 2191 1221 2236; x_wconf 82' lang='lat' dir='ltr'><strong>Odyss.</strong></span> <span class='ocrx_word' id='word_1_247' title='bbox 1248 2202 1283 2235; x_wconf 86' lang='lat' dir='ltr'><strong>p.</strong></span> <span class='ocrx_word' id='word_1_248' title='bbox 1303 2190 1367 2235; x_wconf 83' lang='grc'><strong>44)</strong></span> <span class='ocrx_word' id='word_1_249' title='bbox 1393 2193 1487 2225; x_wconf 77' lang='lat' dir='ltr'><strong>recte</strong></span> <span class='ocrx_word' id='word_1_250' title='bbox 1514 2199 1633 2224; x_wconf 86' lang='lat' dir='ltr'><strong>remo-</strong></span> 
     </span>
     <span class='ocr_line' id='line_1_27' title="bbox 182 2259 1425 2306; baseline 0.003 -16"><span class='ocrx_word' id='word_1_251' title='bbox 182 2262 320 2302; x_wconf 84' lang='lat' dir='ltr'><strong>ventur,</strong></span> <span class='ocrx_word' id='word_1_252' title='bbox 348 2261 439 2305; x_wconf 81' lang='lat' dir='ltr'><strong>quod</strong></span> <span class='ocrx_word' id='word_1_253' title='bbox 465 2262 667 2306; x_wconf 75' lang='lat' dir='ltr'><strong>interpositi</strong></span> <span class='ocrx_word' id='word_1_254' title='bbox 693 2265 773 2295; x_wconf 84' lang='lat' dir='ltr'><strong>sunt</strong></span> <span class='ocrx_word' id='word_1_255' title='bbox 798 2273 840 2296; x_wconf 82' lang='lat' dir='ltr'><strong>ex</strong></span> <span class='ocrx_word' id='word_1_256' title='bbox 866 2279 887 2297; x_wconf 72' lang='grc' dir='ltr'><strong>τ</strong></span> <span class='ocrx_word' id='word_1_257' title='bbox 913 2261 1097 2296; x_wconf 84' lang='lat'><strong>303--307</strong></span> <span class='ocrx_word' id='word_1_258' title='bbox 1123 2263 1158 2293; x_wconf 87' lang='lat' dir='ltr'><strong>et</strong></span> <span class='ocrx_word' id='word_1_259' title='bbox 1183 2276 1201 2294; x_wconf 82' lang='grc' dir='ltr'><strong>υ</strong></span> <span class='ocrx_word' id='word_1_260' title='bbox 1225 2259 1425 2294; x_wconf 82' lang='grc'><strong>230-231.</strong></span> 
     </span>
    </p>

    <p class='ocr_par' dir='ltr' id='par_1_9' title="bbox 185 2328 1635 2582">
     <span class='ocr_line' id='line_1_28' title="bbox 279 2328 1633 2376; baseline -0.002 -13"><span class='ocrx_word' id='word_1_261' title='bbox 279 2329 319 2373; x_wconf 88' lang='grc'><strong>3)</strong></span> <span class='ocrx_word' id='word_1_262' title='bbox 347 2329 525 2366; x_wconf 75' lang='lat' dir='ltr'><strong>Beckerus</strong></span> <span class='ocrx_word' id='word_1_263' title='bbox 550 2333 585 2366; x_wconf 90' lang='lat' dir='ltr'><strong>in</strong></span> <span class='ocrx_word' id='word_1_264' title='bbox 611 2342 651 2366; x_wconf 89' lang='lat' dir='ltr'><strong>eo</strong></span> <span class='ocrx_word' id='word_1_265' title='bbox 679 2331 824 2366; x_wconf 79' lang='lat' dir='ltr'><strong>offendit</strong></span> <span class='ocrx_word' id='word_1_266' title='bbox 850 2330 987 2376; x_wconf 82' lang='lat' dir='ltr'><strong>(sched.</strong></span> <span class='ocrx_word' id='word_1_267' title='bbox 1016 2331 1118 2365; x_wconf 87' lang='lat' dir='ltr'><strong>Hom.</strong></span> <span class='ocrx_word' id='word_1_268' title='bbox 1146 2341 1179 2375; x_wconf 89' lang='lat' dir='ltr'><strong>p.</strong></span> <span class='ocrx_word' id='word_1_269' title='bbox 1196 2329 1296 2374; x_wconf 88' lang='grc'><strong>126),</strong></span> <span class='ocrx_word' id='word_1_270' title='bbox 1323 2328 1413 2374; x_wconf 85' lang='lat' dir='ltr'><strong>quod</strong></span> <span class='ocrx_word' id='word_1_271' title='bbox 1439 2337 1633 2373; x_wconf 83' lang='lat' dir='ltr'><strong>quanquam</strong></span> 
     </span>
     <span class='ocr_line' id='line_1_29' title="bbox 185 2396 1635 2442; baseline -0.001 -13"><span class='ocrx_word' id='word_1_272' title='bbox 185 2396 355 2442; x_wconf 78' lang='lat' dir='ltr'><strong>Juppiter</strong></span> <span class='ocrx_word' id='word_1_273' title='bbox 370 2400 437 2434; x_wconf 80' lang='lat'><strong>104</strong></span> <span class='ocrx_word' id='word_1_274' title='bbox 454 2411 472 2433; x_wconf 87' lang='lat' dir='ltr'><strong>e</strong></span> <span class='ocrx_word' id='word_1_275' title='bbox 490 2400 642 2434; x_wconf 90' lang='lat' dir='ltr'><strong>nubibus</strong></span> <span class='ocrx_word' id='word_1_276' title='bbox 665 2403 764 2434; x_wconf 86' lang='lat' dir='ltr'><strong>tonat</strong></span> <span class='ocrx_word' id='word_1_277' title='bbox 787 2403 904 2434; x_wconf 79' lang='lat' dir='ltr'><strong>tamen</strong></span> <span class='ocrx_word' id='word_1_278' title='bbox 931 2415 949 2435; x_wconf 83' lang='grc' dir='ltr'>υ</span> <span class='ocrx_word' id='word_1_279' title='bbox 969 2400 1037 2435; x_wconf 80' lang='lat'><strong>114</strong></span> <span class='ocrx_word' id='word_1_280' title='bbox 1051 2398 1183 2433; x_wconf 82' lang='lat' dir='ltr'><strong>nullam</strong></span> <span class='ocrx_word' id='word_1_281' title='bbox 1199 2398 1237 2432; x_wconf 90' lang='lat' dir='ltr'><strong>in</strong></span> <span class='ocrx_word' id='word_1_282' title='bbox 1254 2396 1352 2432; x_wconf 83' lang='lat' dir='ltr'><strong>coelo</strong></span> <span class='ocrx_word' id='word_1_283' title='bbox 1377 2397 1503 2431; x_wconf 86' lang='lat' dir='ltr'><strong>nubem</strong></span> <span class='ocrx_word' id='word_1_284' title='bbox 1527 2396 1635 2430; x_wconf 79' lang='lat' dir='ltr'><strong>fuisse</strong></span> 
     </span>
     <span class='ocr_line' id='line_1_30' title="bbox 185 2465 1634 2514; baseline 0 -16"><span class='ocrx_word' id='word_1_285' title='bbox 185 2465 346 2509; x_wconf 80' lang='lat' dir='ltr'><strong>legimus.</strong></span> <span class='ocrx_word' id='word_1_286' title='bbox 372 2470 409 2502; x_wconf 82' lang='lat' dir='ltr'><strong>at</strong></span> <span class='ocrx_word' id='word_1_287' title='bbox 432 2478 499 2503; x_wconf 89' lang='lat' dir='ltr'><strong>non</strong></span> <span class='ocrx_word' id='word_1_288' title='bbox 526 2471 580 2503; x_wconf 83' lang='lat' dir='ltr'><strong>est</strong></span> <span class='ocrx_word' id='word_1_289' title='bbox 603 2467 905 2514; x_wconf 80' lang='lat' dir='ltr'><strong>interpretandum</strong></span> <span class='ocrx_word' id='word_1_290' title='bbox 931 2479 1008 2503; x_wconf 92' lang='lat' dir='ltr'><strong>cum</strong></span> <span class='ocrx_word' id='word_1_291' title='bbox 1033 2467 1152 2503; x_wconf 90' lang='lat' dir='ltr'><strong>Schol.</strong></span> <span class='ocrx_word' id='word_1_292' title='bbox 1179 2466 1222 2502; x_wconf 85' lang='lat' dir='ltr'><strong>ad</strong></span> <span class='ocrx_word' id='word_1_293' title='bbox 1237 2466 1327 2503; x_wconf 82' lang='lat'><strong>104:</strong></span> <span class='ocrx_word' id='word_1_294' title='bbox 1354 2466 1397 2502; x_wconf 77' lang='grc' dir='ltr'><strong>ἐκ</strong></span> <span class='ocrx_word' id='word_1_295' title='bbox 1421 2471 1488 2502; x_wconf 78' lang='grc' dir='ltr'><strong>τοῦ</strong></span> <span class='ocrx_word' id='word_1_296' title='bbox 1515 2465 1634 2501; x_wconf 80' lang='grc' dir='ltr'><strong><em>τόπου</em></strong></span> 
     </span>
     <span class='ocr_line' id='line_1_31' title="bbox 188 2529 1599 2582; baseline -0.002 -12"><span class='ocrx_word' id='word_1_297' title='bbox 188 2529 282 2571; x_wconf 66' lang='grc' dir='ltr'>ὅπου</span> <span class='ocrx_word' id='word_1_298' title='bbox 310 2534 485 2572; x_wconf 72' lang='grc' dir='ltr'><strong>εἰώθασιν</strong></span> <span class='ocrx_word' id='word_1_299' title='bbox 514 2533 607 2572; x_wconf 74' lang='grc' dir='ltr'><em>εἶναι</em></span> <span class='ocrx_word' id='word_1_300' title='bbox 633 2536 680 2572; x_wconf 78' lang='grc' dir='ltr'><strong>τὰ</strong></span> <span class='ocrx_word' id='word_1_301' title='bbox 707 2535 802 2582; x_wconf 72' lang='grc' dir='ltr'><strong>νέφη</strong></span> <span class='ocrx_word' id='word_1_302' title='bbox 831 2537 894 2582; x_wconf 85' lang='lat' dir='ltr'><strong>(cf.</strong></span> <span class='ocrx_word' id='word_1_303' title='bbox 920 2536 1044 2581; x_wconf 87' lang='lat' dir='ltr'><strong>Faesi)</strong></span> <span class='ocrx_word' id='word_1_304' title='bbox 1071 2535 1131 2571; x_wconf 82' lang='lat' dir='ltr'><strong>sed</strong></span> <span class='ocrx_word' id='word_1_305' title='bbox 1157 2552 1176 2572; x_wconf 88' lang='lat' dir='ltr'><em>v</em></span> <span class='ocrx_word' id='word_1_306' title='bbox 1204 2534 1284 2571; x_wconf 80' lang='lat'><strong>104.</strong></span> <span class='ocrx_word' id='word_1_307' title='bbox 1310 2534 1509 2571; x_wconf 84' lang='lat' dir='ltr'><strong>reiciendus</strong></span> <span class='ocrx_word' id='word_1_308' title='bbox 1534 2535 1599 2568; x_wconf 76' lang='lat' dir='ltr'><strong>est.</strong></span> 
     </span>
    </p>

    <p class='ocr_par' dir='ltr' id='par_1_10' title="bbox 280 2604 1018 2656">
     <span class='ocr_line' id='line_1_32' title="bbox 280 2604 1018 2656; baseline 0.004 -16"><span class='ocrx_word' id='word_1_309' title='bbox 280 2606 321 2651; x_wconf 87' lang='lat'><strong>4)</strong></span> <span class='ocrx_word' id='word_1_310' title='bbox 358 2606 470 2641; x_wconf 86' lang='lat' dir='ltr'><strong>schol.</strong></span> <span class='ocrx_word' id='word_1_311' title='bbox 497 2606 539 2641; x_wconf 91' lang='grc' dir='ltr'><strong>Β.</strong></span> <span class='ocrx_word' id='word_1_312' title='bbox 568 2604 805 2656; x_wconf 69' lang='grc' dir='ltr'><strong>ἀσύμφορον.</strong></span> <span class='ocrx_word' id='word_1_313' title='bbox 852 2608 1018 2652; x_wconf 75' lang='grc' dir='ltr'><strong>ἀνόητον.</strong></span> 
     </span>
    </p>

    <p class='ocr_par' dir='ltr' id='par_1_11' title="bbox 190 2671 1640 2781">
     <span class='ocr_line' id='line_1_33' title="bbox 280 2671 1640 2724; baseline -0.004 -15"><span class='ocrx_word' id='word_1_314' title='bbox 280 2674 319 2717; x_wconf 84' lang='grc'><strong>5)</strong></span> <span class='ocrx_word' id='word_1_315' title='bbox 357 2685 397 2709; x_wconf 88' lang='lat' dir='ltr'><strong>eo</strong></span> <span class='ocrx_word' id='word_1_316' title='bbox 436 2676 526 2719; x_wconf 89' lang='lat' dir='ltr'><strong>quod</strong></span> <span class='ocrx_word' id='word_1_317' title='bbox 561 2677 668 2710; x_wconf 86' lang='lat' dir='ltr'><strong>verba</strong></span> <span class='ocrx_word' id='word_1_318' title='bbox 705 2686 791 2720; x_wconf 84' lang='lat' dir='ltr'><strong>quae</strong></span> <span class='ocrx_word' id='word_1_319' title='bbox 829 2679 910 2710; x_wconf 86' lang='lat' dir='ltr'><strong>sunt</strong></span> <span class='ocrx_word' id='word_1_320' title='bbox 944 2675 1060 2720; x_wconf 78' lang='grc' dir='ltr'><em>φόνος</em></span> <span class='ocrx_word' id='word_1_321' title='bbox 1096 2675 1157 2711; x_wconf 78' lang='grc' dir='ltr'><strong>καὶ</strong></span> <span class='ocrx_word' id='word_1_322' title='bbox 1196 2676 1310 2724; x_wconf 71' lang='grc' dir='ltr'>μοῖρα</span> <span class='ocrx_word' id='word_1_323' title='bbox 1354 2674 1520 2708; x_wconf 83' lang='lat' dir='ltr'><strong>inusitata</strong></span> <span class='ocrx_word' id='word_1_324' title='bbox 1561 2671 1640 2706; x_wconf 75' lang='lat' dir='ltr'><strong>sunt</strong></span> 
     </span>
     <span class='ocr_line' id='line_1_34' title="bbox 190 2743 1000 2781; baseline 0.005 -4"><span class='ocrx_word' id='word_1_325' title='bbox 190 2753 246 2778; x_wconf 79' lang='lat' dir='ltr'><strong>vv.</strong></span> <span class='ocrx_word' id='word_1_326' title='bbox 275 2743 414 2779; x_wconf 77' lang='lat'><strong>15-41</strong></span> <span class='ocrx_word' id='word_1_327' title='bbox 440 2744 609 2779; x_wconf 85' lang='lat' dir='ltr'><strong>reiciendi</strong></span> <span class='ocrx_word' id='word_1_328' title='bbox 637 2756 713 2780; x_wconf 83' lang='lat' dir='ltr'><strong>esse</strong></span> <span class='ocrx_word' id='word_1_329' title='bbox 740 2745 1000 2781; x_wconf 81' lang='lat' dir='ltr'><strong>confirmantur.</strong></span> 
     </span>
    </p>
   </div>
  </div>
 </body>
</html>
