1771 3010
744 138 1089 180 ,μὴ

185 252 364 307 igitur
396 265 529 296 voce
557 267 696 310 quae
731 258 813 298 est
841 256 1013 316 μοῖρα
1046 269 1153 300 non
1182 256 1368 304 Jovem
1399 271 1523 303 esse
1553 258 1640 302 in-

185 334 408 378 firmum
439 339 606 391 atque
639 336 969 380 inbecillum
1012 337 1379 392 significari,
1420 340 1515 384 sed
1544 338 1639 385 ho-

181 414 373 462 mines.
418 416 463 460 hi
495 417 611 461 enim
640 422 743 463 sunt
774 418 884 464 adeo
916 418 1140 473 mortales,
1170 419 1350 479 βροτοί,
1382 421 1558 480 θνητοί,
1589 425 1639 465 ut

182 512 237 541 ne
269 498 362 541 deis
396 499 570 555 quidem
602 513 753 544 eorum
784 502 1100 546 servandorum
1130 505 1329 558 potestas
1358 502 1430 545 sit.
1476 507 1639 560 quanto

184 583 332 624 autem
372 581 465 624 iure
506 580 591 625 hoe
637 582 955 627 contendamus
997 597 1096 628 eum
1127 596 1182 627 ex
1216 583 1315 628 aliis
1353 584 1639 642 perspicuum

185 668 253 706 est
282 667 377 708 tum
409 677 433 707 e
463 663 663 707 versibus
696 665 770 721 qui
799 664 867 708 his
899 669 1003 708 sunt
1033 666 1237 721 proximi.
1267 682 1296 721 γ
1314 666 1398 709 241
1424 679 1491 722 sq.
1521 667 1639 710 enim

182 743 369 801 legimus

1066 825 1190 869 ἁλλὰ
1224 829 1264 870 οἱ
1297 824 1378 887 ἤδη

242 904 499 968 φράσσαντ’
531 904 759 952 ἀθάνατοι
791 906 999 952 θάνατον
1033 905 1108 951 καὶ
1142 909 1258 968 κῆρα
1290 907 1526 967 μέλαιναν.

183 990 300 1048 quod
331 990 467 1046 igitur
507 995 695 1035 mortem
734 991 975 1036 moliuntur
1014 995 1058 1035 et
1088 995 1288 1045 struunt,
1333 992 1378 1035 id
1409 1006 1497 1036 non
1530 991 1635 1036 alie-

180 1086 289 1117 num
320 1076 389 1116 est
418 1085 446 1116 a
476 1072 659 1116 deorum
697 1072 948 1125 voluntate,
995 1086 1093 1116 cum
1124 1086 1225 1116 vero
1257 1072 1418 1130 aliquis
1458 1087 1637 1118 servan-

182 1155 266 1199 dus
300 1158 368 1198 est
398 1167 425 1198 a
454 1158 610 1206 morte,
641 1157 734 1197 tum
765 1159 867 1198 sunt
896 1153 1091 1198 inbecilli
1122 1158 1254 1211 atque
1284 1155 1460 1198 infirmi.

299 1235 388 1298 Sed
418 1248 505 1278 non
543 1236 673 1279 modo
703 1234 829 1279 Jovis
871 1236 1106 1293 imperium
1145 1249 1286 1293 neque
1327 1235 1381 1279 ab
1423 1234 1512 1280 ullo
1554 1236 1638 1280 deo

157 1330 323 1374 vneque
355 1329 382 1360 a
411 1315 521 1360 Fato
554 1317 780 1360 definitum
821 1319 910 1367 est,
956 1330 1106 1360 verum
1148 1317 1281 1360 etiam
1322 1317 1529 1375 permulti
1560 1331 1637 1361 ex·
1708 1335 1710 1337 ·

183 1404 305 1443 stant
332 1398 434 1450 loci,
462 1413 484 1442 e
517 1398 675 1456 quibus
712 1400 841 1442 unius
877 1399 947 1442 dei
977 1399 1097 1442 notio
1131 1399 1328 1456 adparet.
1362 1412 1414 1443 ae
1445 1400 1637 1457 primum

182 1481 360 1538 quidem
389 1482 436 1524 in
465 1479 581 1523 huno
621 1494 850 1523 numerum
883 1481 923 1524 ei
953 1480 1172 1523 referendi
1204 1485 1327 1532 sunt,
1373 1481 1531 1537 quibus
1564 1482 1635 1524 dei

182 1562 417 1620 pluraliter
456 1561 744 1605 inducuntur:
796 1579 822 1603 α
858 1562 951 1605 195.
986 1562 1084 1605 20].
1119 1562 1218 1605 222.
1252 1560 1350 1605 234.
1392 1562 1492 1604 244.
1533 1562 1636 1606 263.

172 1644 279 1696 267.
313 1644 410 1686 273.
445 1642 542 1685 378.
577 1643 674 1685 384.
709 1643 809 1685 400.
844 1642 877 1693 β
904 1642 972 1685 66.
1009 1642 1104 1685 125.
1141 1644 1236 1686 143.
1270 1643 1370 1686 211.
1401 1643 1501 1685 377.
1532 1643 1633 1685 432.

184 1742 212 1780 γ
242 1725 311 1767 28.
332 1724 413 1786 48.
448 1722 542 1766 159.
575 1723 677 1766 205.
706 1723 805 1766 208.
836 1723 938 1766 228.
970 1723 1068 1766 236.
1112 1721 1211 1767 242.
1254 1724 1354 1766 269.
1396 1724 1494 1766 273.
1537 1724 1636 1767 376.

184 1803 219 1845 δ.
254 1805 319 1847 12.
353 1804 437 1847 351
460 1804 507 1858 ¹).
549 1804 649 1846 360.
682 1804 779 1847 378.
822 1804 919 1846 379.
963 1804 1061 1846 433.
1106 1802 1205 1845 479.
1247 1803 1345 1846 504.
1394 1804 1492 1847 518.
1537 1804 1635 1847 564.

180 1885 280 1928 583.
313 1884 410 1927 586.
442 1884 543 1928 591.
576 1884 674 1928 755.
707 1884 806 1928 805.
829 1883 938 1936 807;
972 1884 1129 1927 deinde
1161 1884 1319 1940 quibus
1351 1884 1636 1939 singulariter

182 1982 211 2023 γ
230 1966 325 2010 173.
344 1965 443 2010 231.
480 1963 501 2007 δ
520 1966 600 2027 181
616 1964 680 2020 ²);
711 1969 804 2010 tum
829 1964 984 2025 quibus
1005 1963 1176 2026 δαίμων
1207 1965 1450 2019 invenitur;
1481 1965 1515 2016 ,Β
1539 1966 1635 2010 134.

183 2063 212 2103 γ
242 2048 312 2090 27.
348 2047 442 2089 166.
477 2045 498 2087 δ
527 2047 626 2090 275.
668 2047 722 2089 de
752 2046 864 2090 Jove
895 2047 1081 2103 denique
1114 2047 1274 2091 dicitur
1305 2047 1423 2103 quod
1457 2047 1510 2090 de
1543 2047 1638 2090 deis

183 2126 327 2171 01379.
362 2127 459 2171 386.
492 2127 598 2190 ,668
633 2127 687 2171 cf.
720 2128 910 2172 66.144.
942 2144 971 2185 γ
992 2128 1076 2171 160
1106 2128 1159 2172 cf.
1197 2128 1292 2172 159.
1324 2128 1406 2171 152
1438 2128 1492 2171 ef.
1528 2127 1637 2181 158;

182 2209 205 2250 δ
222 2210 308 2253 236
340 2222 443 2272 vero
476 2222 685 2270 expresse
707 2211 891 2252 vocatur
917 2206 1041 2261 θεός.
1075 2221 1326 2266 quanquam
1341 2212 1519 2265 praeter
1536 2222 1636 2252 eum

181 2291 252 2335 dei
282 2289 560 2348 inplorantur
592 2307 621 2348 γ
651 2290 750 2334 346.
785 2288 807 2331 δ
836 2290 934 2333 472.
1468 2295 1470 2297 '

299 2372 349 2415 Si
368 2376 529 2431 ¹autem
572 2385 684 2428 quae
721 2371 780 2414 sit
807 2371 932 2415 sedes
975 2384 1027 2415 ac
1057 2370 1328 2415 domicilium
1372 2370 1638 2428 quaerimuS‚

206 2590 210 2593 ·
274 2570 312 2615 1)
338 2571 357 2606 ὃ
384 2569 452 2606 353
479 2580 497 2605 a
523 2569 688 2617 plurimis
713 2568 911 2606 editoribus
936 2572 1149 2606 removetur.

274 2641 314 2685 2)
342 2656 372 2688 γ
398 2641 463 2676 131
490 2651 508 2675 ι
532 2639 775 2684 Kirchhoffio,
801 2641 960 2675 Beckero
985 2640 1065 2675 aliis
1090 2641 1260 2680 reicitur,
1289 2639 1379 2685 quod
1404 2638 1638 2683 interpositus

180 2713 234 2746 est
260 2721 277 2745 e
304 2725 321 2745 ν
347 2708 428 2745 317.
457 2710 594 2755 pariter
619 2720 658 2745 ac
682 2709 763 2746 214.
790 2709 859 2746 215
885 2709 976 2756 quod
1002 2709 1202 2757 interpositi
1228 2712 1308 2745 sunt
1334 2719 1351 2743 e
1377 2723 1402 2743 π
1429 2707 1485 2743 95.
1512 2705 1570 2744 96.
