1771 3010
741 203 784 208 --
886 174 937 216 13
1029 199 1082 207 --

170 296 273 338 'stat
314 305 398 350 quo
450 292 593 336 minus
635 292 719 336 dea
760 293 806 336 in
846 292 1070 350 prioribus
1122 303 1294 349 quoque
1342 290 1551 349 periculis
1599 291 1636 335 oi

181 376 443 420 succurrat?
490 378 621 432 atque
653 386 749 418 eam
793 374 1028 431 quominus
1074 372 1236 416 emboli
1275 372 1429 419 fabula
1457 386 1639 431 progre-

179 456 326 502 diente
355 455 438 500 hoc
468 457 657 507 faceret,
699 456 893 513 Neptuni
941 455 1211 499 verecundia
1250 455 1495 512 inpeditam
1541 469 1638 500 esse

178 550 305 581 nemo
337 537 541 593 negabit;
590 550 668 580 cur
701 539 850 579 autem
882 549 962 578 nec
1005 535 1185 578 consilio
1218 549 1299 578 nec
1331 550 1377 579 re
1409 550 1507 579 eum
1541 543 1638 580 tue-

176 622 251 661 tur
280 619 616 676 priusquam
648 620 838 659 caecet
868 615 1304 672 Polyphemum?
1335 630 1479 660 nonne
1502 619 1639 672 igitur

176 698 255 752 illi,
288 712 416 756 quem
447 698 728 756 potissimum
760 696 917 750 diligit,
950 709 1048 738 eam
1082 695 1194 739 hanc
1227 697 1282 740 ob
1315 711 1409 741 rem
1440 712 1529 741 non
1558 699 1637 741 ad-

177 793 274 824 esse
305 784 457 823 nostro
496 780 591 823 iure
623 778 880 830 statuimus,
927 778 1043 833 quod
1090 785 1223 834 poeta
1264 790 1396 835 quam
1423 781 1636 834 gravissi—

176 860 261 904 mis
294 873 392 904 eum
426 858 650 903 doloribus
684 856 909 901 cumulare
944 857 1050 909 vult,
1086 859 1288 916 quodque
1322 859 1421 902 huic
1445 861 1507 903 rei
1533 873 1635 903 con-

176 943 358 985 trarium
393 946 460 984 est
490 940 609 983 illius
645 939 890 982 auxilium?
922 941 1085 994 itaque,
1119 945 1168 983 ut
1189 940 1298 983 haec
1330 942 1492 990 omnia,
1525 955 1635 997 quae

175 1025 330 1066 contra
361 1020 638 1066 Nitzschium
668 1019 834 1062 adferri
865 1023 1076 1077 possunt,
1110 1019 1462 1077 conplectamur,
1496 1035 1634 1079 quan-

175 1114 308 1158 quam
341 1101 486 1144 scelus
518 1101 564 1142 in
591 1100 844 1155 Neptunum
876 1100 1145 1142 conmissum
1176 1115 1265 1143 non
1295 1103 1405 1144 adeo
1438 1103 1634 1156 neglegi-

172 1195 294 1235 mus,
329 1186 378 1225 ut
408 1180 625 1233 Jacobus,
658 1184 809 1225 tamen
839 1194 926 1224 non
958 1180 1100 1236 magis
1132 1180 1196 1225 illi
1229 1181 1524 1236 adsentimur,
1560 1184 1633 1241 qui

171 1261 316 1305 Ulixis
359 1261 658 1305 calamitatem
691 1274 746 1304 ex
776 1260 869 1303 solo
901 1260 977 1302 illo
1010 1261 1177 1304 scelere
1219 1268 1369 1306 censet
1409 1277 1631 1308 emanare.

173 1347 329 1388 contra
362 1356 490 1392 vero,
539 1342 643 1398 quin
674 1341 756 1385 hoc
788 1341 957 1393 scelus,
1001 1355 1253 1399 quanquam
1284 1358 1372 1387 non
1405 1345 1533 1401 parvi
1567 1350 1635 1389 est

170 1424 406 1476 momenti,
450 1428 598 1467 tamen
629 1425 784 1480 postea
814 1422 995 1465 iamiam
1030 1422 1089 1465 sit
1120 1422 1404 1468 obscuratum
1438 1429 1481 1469 et
1514 1424 1632 1469 Ulixi

170 1506 260 1548 iam
303 1509 434 1549 antea
466 1504 574 1547 Fato
618 1505 676 1547 sit
719 1504 987 1547 destinatum
1035 1508 1083 1547 ut
1115 1506 1338 1550 erroribus
1380 1511 1631 1560 vexaretur,

170 1585 291 1630 nullo
334 1586 462 1629 modo
495 1586 541 1628 in
573 1584 892 1628 dubitationem
932 1586 1082 1628 voc-ari
1123 1599 1254 1643 posse
1284 1587 1505 1631 existimo.
1552 1590 1631 1633 sed

168 1668 232 1713 ita
263 1680 437 1725 quoque
468 1665 591 1710 Jovis
629 1670 836 1710 naturam
882 1669 1015 1722 atque
1055 1670 1328 1723 potestatem
1367 1668 1415 1711 in
1442 1668 1630 1714 diversis
1700 1693 1706 1696 -

169 1747 331 1792 emboli
371 1747 496 1791 libris
537 1761 625 1790 non
667 1760 764 1790 esse
806 1747 1029 1789 diversam
1059 1749 1344 1805 perspicuum
1376 1752 1464 1801 est;
1509 1763 1560 1794 ac
1592 1751 1631 1794 si

167 1830 300 1880 infra,
334 1843 430 1874 cum
465 1842 577 1886 quae
598 1829 688 1871 sint
715 1829 807 1872 eius
834 1827 1043 1885 epitheta,
1077 1829 1270 1883 nomina,
1302 1829 1468 1874 similia
1495 1844 1630 1889 quae-

166 1912 330 1963 rimus,
380 1923 454 1954 eos
488 1909 624 1953 libros
656 1910 772 1953 inter
803 1923 849 1954 se
884 1923 1123 1965 congruere
1156 1910 1365 1964 efficitur,
1414 1911 1631 1958 Kirchoffi

166 1992 456 2041 sententiam,
506 1993 581 2047 qui
626 1990 870 2034 maximam
906 2003 1057 2034 eorum
1089 1995 1263 2049 partem
1294 1992 1436 2036 eidem
1467 1998 1629 2051 poetae

165 2071 323 2117 tribuit
339 2073 395 2127 ¹),
428 2084 517 2115 non
549 2071 819 2115 reiciendam
852 2084 947 2114 esse
983 2070 1137 2116 elucet.

252 2154 313 2198 At
332 2153 595 2211 priusquam
612 2152 725 2196 hanc
746 2153 1047 2210 quaestionem
1069 2154 1126 2197 ad
1147 2153 1352 2198 ultimum
1371 2155 1502 2199 finem
1524 2169 1626 2213 per-

165 2235 404 2287 ducamuS,
450 2234 508 2279 ad
540 2247 639 2279 eam
682 2237 880 2293 partem,
929 2246 1016 2291 qua
1047 2233 1298 2290 Nitzschius
1329 2234 1508 2281 Ulixem
1537 2251 1627 2282 non

164 2329 292 2361 suam
321 2316 467 2374 ipsius
497 2314 753 2373 superbiam
786 2315 1042 2373 expiantem
1072 2316 1194 2369 facit,
1228 2317 1307 2361 sed
1338 2316 1527 2363 aliorum
1556 2319 1626 2363 in-

164 2397 403 2443 solentiam
436 2397 716 2456 punientem,
749 2400 1042 2441 transeamus.

255 2572 294 2616 1)
314 2570 393 2606 ‘Dte
418 2573 644 2607 homerische
667 2572 824 2617 Odyssce
848 2569 929 2605 med
948 2572 1028 2606 ‘ihre
1048 2571 1291 2615 Entstehuuy.
1331 2573 1422 2611 1859
1443 2585 1481 2618 Ρ.
1503 2576 1522 2609 1
1548 2586 1623 2620 sqq.
