1771 3010
707 218 761 226 ...
855 190 910 236 24
1002 220 1056 225 .-

151 306 299 350 curius
331 310 365 348 9
396 308 483 352 335
514 309 690 353 nomine
723 310 842 368 quod
875 314 943 355 est
974 306 1078 362 Διὸς
1110 307 1200 362 υἱός
1230 310 1503 368 adpellatur3
1548 313 1616 356 in-

150 387 308 442 primis
340 402 444 433 vero
475 390 703 434 Minervae
748 393 1015 448 cognomina
1056 405 1168 449 quae
1200 396 1305 435 sunt
1337 388 1477 452 κούρη
1512 390 1617 446 Διός

152 471 284 526 atque
328 467 435 523 Διὸς
476 469 726 529 ἐκγεγαυῖα
768 474 1004 525 induntur,
1045 474 1090 518 id
1132 473 1249 529 quod
1290 476 1334 516 et
1375 487 1430 516 ex
1473 490 1491 515 ε
1517 475 1618 518 382.

153 547 179 607 ζ
214 550 310 593 151.
345 550 446 596 323.
493 557 623 597 etex
659 550 687 608 ξ
717 554 804 597 229
847 554 1171 609 cognoscimus.
1217 558 1261 598 et
1305 553 1441 597 simili
1485 555 1626 604 modo¹

151 632 375 689 nymphae
418 632 445 692 ζ
479 634 562 678 105
596 651 606 676 ι
644 635 728 678 154
761 634 920 695 κοῦραι
964 633 1068 686 Διὸς
1109 632 1345 693 αἰγιόχοιο
1379 638 1620 687 vocantur3

151 713 302 757 Venus
335 728 388 759 ac
419 714 692 774 Proserpina
724 719 756 759 9
789 717 875 760 308
908 714 1053 761 λ217.
1087 714 1192 769 Διὸς
1222 718 1458 775 θυγατὴρ.
1491 716 1623 760 Musa

153 797 187 836 9
220 796 308 839 488
341 793 447 849 Διὸς
477 797 581 849 παῖς
596 800 644 854 “).
681 798 759 841 sed
789 812 843 841 ne
872 797 1083 842 mortales
1117 799 1295 856 quidem
1326 797 1532 841 mulieres
1564 797 1620 841 ab

156 889 206 940 eo
238 877 502 934 repudiatae
534 882 659 930 sunt,
691 892 781 922 non
804 864 1035 931 Alcmena,
1069 892 1181 936 quae
1207 880 1247 923 ei
1278 877 1514 922 Herculem
1545 891 1622 935 pe-

155 958 272 1013 perit
302 956 354 1012 (λ
385 959 472 1001 268
513 959 569 1001 cf.
601 959 734 1015 620);
779 974 866 1002 non
897 960 1118 1016 Antiopa,
1151 973 1173 1001 e
1207 972 1293 1017 qua
1323 959 1549 1015 Amphion
1580 963 1625 1001 et

157 1037 322 1082 Zethus
355 1043 460 1084 sunt
490 1039 630 1094 geniti
662 1038 713 1094 (λ
729 1040 850 1099 261).
898 1041 1056 1086 Castor
1088 1044 1237 1085 autem
1270 1043 1314 1085 et
1343 1039 1504 1085 Pollux
1534 1041 1626 1085 iam

159 1121 280 1177 apud
309 1122 476 1165 inferos
508 1122 564 1165 ab
598 1136 648 1165 eo
680 1122 922 1165 honoribus
954 1122 1221 1166 adficiuntur
1253 1120 1302 1178 (λ
1327 1122 1448 1179 302).
1481 1106 1646 1165 Pelias'

160 1205 205 1245 et
236 1201 399 1247 Neleus
444 1207 661 1247 vocantur
702 1202 730 1245 λ
763 1204 849 1247 255
890 1202 956 1247 τὼ
990 1201 1197 1262 κρατερὼ
1232 1200 1491 1262 θεράποντε
1525 1200 1630 1255 Διὸς

160 1279 386 1341 μεγάλοιο
405 1283 465 1338 2);
514 1284 678 1336 Aeolo,
713 1285 788 1342 qui
821 1285 914 1328 deis
948 1289 1016 1328 est
1047 1298 1177 1328 carus
1212 1287 1260 1338 (κ
1291 1286 1360 1338 2),
1392 1288 1628 1328 ventorum

164 1377 271 1408 cura
301 1369 369 1408 est
401 1366 607 1421 delegata
638 1374 686 1418 (κ
702 1367 794 1418 21).
828 1366 906 1409 sed
931 1365 1039 1409 haec
1070 1366 1161 1409 iam
1193 1366 1251 1408 ad
1277 1366 1510 1417 rationem,
1543 1379 1632 1423 qua

163 1444 372 1503 Juppiter
403 1460 502 1491 cum
533 1446 785 1491 hominibus
819 1447 1115 1502 coniungitur,
1148 1451 1251 1490 sunt
1276 1447 1519 1490 referenda.
1565 1451 1633 1490 at-

165 1539 248 1584 que
281 1526 350 1570 his
382 1531 450 1572 est
491 1532 645 1572 auctor
685 1528 857 1571 dierum
899 1541 950 1571 ac
991 1532 1240 1585 temporum
1282 1527 1335 1587 (μ
1368 1528 1487 1581 399).
1538 1528 1631 1571 eius

164 1607 330 1652 imbres
362 1610 481 1653 arvis
514 1610 624 1653 dant
654 1610 972 1653 fecunditatem
984 1606 1022 1661 ³)
1056 1610 1092 1664 (ι
1115 1611 1211 1652 111.
1232 1607 1348 1657 358).
1382 1609 1504 1652 fluvii
1529 1615 1634 1652 sunt

168 1688 430 1745 §norm-813⁴)
478 1694 523 1746 (η
556 1691 687 1744 284);
736 1691 875 1734 mittit
915 1694 1094 1733 ventum
1143 1690 1383 1734 secundum
1429 1690 1470 1744 (ε
1506 1689 1638 1747 176);

169 1771 263 1813 eius
305 1771 565 1824 fulminibus
606 1784 741 1814 naves
779 1771 1088 1827 percutiuntur
1120 1787 1138 1813 ε
1174 1772 1269 1815 132.
1305 1788 1328 1828 ²7
1363 1771 1460 1813 249.
1497 1769 1551 1813 ab
1584 1783 1634 1813 eo

168 1865 215 1895 se
248 1852 415 1896 morbis
446 1852 773 1896 insanabilibus
806 1853 935 1917 adfici
970 1856 1130 1909 putant
1157 1851 1371 1909 Cyclopes
1407 1868 1417 1892 ι
1451 1852 1560 1904 411;
1591 1847 1655 1894 1η

171 2071 206 2103 p.
234 2060 314 2096 304.
344 2061 388 2096 cf.
417 2061 670 2106 Sayenpoesie
696 2073 729 2107 p.
752 2062 838 2106 130)
867 2061 1034 2095 viderunt
1059 2060 1310 2094 Heerkloizius
1326 2059 1641 2103 *Retrachtunqen

172 2127 262 2163 fiber
297 2130 355 2164 die
399 2129 554 2175 odyssea
593 2129 695 2167 1854.
726 2142 759 2176 p.
790 2130 844 2167 17.
896 2129 1142 2166 Kirchhoffius
1177 2129 1249 2165 Die
1287 2129 1539 2174 Composition
1578 2130 1644 2164 der

178 2199 348 2242 Odyssee.
399 2200 528 2235 Berlin
556 2200 646 2236 1869
672 2211 702 2245 ρ,
733 2200 790 2235 91.

272 2270 307 2313 1)
335 2280 447 2315 neque
483 2271 598 2304 minus
632 2270 858 2303 Juventutem
897 2271 998 2304 vocat
1033 2271 1136 2313 poeta
1173 2271 1195 2303 λ
1222 2268 1292 2304 604
1315 2268 1432 2303 παῖδα
1460 2267 1548 2310 Διὸς
1575 2280 1643 2313 με-

175 2339 310 2387 γάλοιο
339 2341 400 2374 καὶ
418 2337 542 2388 ‘'He-,75
570 2339 866 2388 χρυσοπεδίλου.
897 2341 934 2372 at
956 2340 1053 2372 recte
1080 2338 1136 2372 hic
1163 2347 1289 2372 versus
1313 2339 1523 2372 removetur
1548 2335 1644 2381 quod

178 2408 414 2453 interpositus
440 2411 494 2443 est
519 2419 561 2443 ex
588 2407 739 2444 Hesiod.
765 2407 885 2451 theog.
914 2405 994 2442 962.

269 2478 311 2522 2)
340 2476 451 2513 schol.
475 2476 523 2513 V.
553 2478 749 2521 ,βασιλεῖς,
777 2476 838 2511 καὶ
865 2475 941 2525 ’γὰρ
962 2472 995 2512 οἵ
1020 2474 1457 2525 πολεμικοὶθεράποντες
1474 2472 1645 2523 Ἄρηος*-

176 2547 359 2582 Maetzner
384 2547 426 2582 de
451 2547 543 2583 Jove
557 2546 759 2582 Homerico.
788 2544 949 2581 Berolini
976 2556 1007 2580 e.
1034 2556 1065 2591 q.
1095 2556 1125 2581 s.
1155 2545 1246 2581 1834
1270 2545 1375 2590 p.47.
1409 2544 1459 2587 ,in
1484 2541 1643 2579 civitati-

177 2617 244 2651 bus
270 2617 495 2653 moderandis
519 2617 623 2653 Jovis
649 2615 812 2651 mandata
838 2616 997 2651 exsecuti
1024 2625 1101 2650 esse
1127 2614 1321 2650 videntur‘.

274 2687 315 2731 3)
342 2688 386 2721 cf.
415 2687 589 2722 Welcker.
620 2685 767 2722 Griech.
799 2684 1031 2721 Gotterlehre
1056 2684 1093 2719 11
1117 2695 1153 2730 p.
1184 2684 1264 2721 176.

273 2755 314 2801 4)
342 2756 422 2791 vide
449 2757 551 2791 Gurti
583 2756 747 2792 Grundz.
776 2755 810 2790 d.
841 2753 960 2799 Etym.
988 2754 1043 2791 ed.
1072 2754 1120 2791 11.
1148 2765 1182 2799 p.
1213 2753 1291 2789 191.
